2846 4526
191 385 192 388 ,
271 397 316 470 aa

274 591 495 668 Hermenitm:
524 611 617 663 mons
636 591 742 662 labor
767 589 802 662 in
822 587 962 664 Galilaea
986 594 1053 692 cet:
1082 591 1130 665 ibi
1148 593 1292 686 ,sanctus

157 815 159 818 ¹
273 724 393 800 Helias
419 726 537 818 raptus
564 726 627 798 est.
676 723 770 797 eirca
795 724 972 797 Jordanem
1001 723 1184 798 monticelli
1212 727 1293 798 eunt

274 856 393 950 mulli,
421 861 456 932 et
482 856 613 949 quando
631 855 791 930 Dominus
818 857 860 930 ad
885 856 1088 950 baptismum
1106 857 1291 948 descendit,

274 992 340 1086 ipsi
353 995 481 1066 montes
496 992 575 1063 ante
588 989 699 1082 ipsum
713 991 931 1065 ambulabant
945 991 1128 1086 gestiendo,
1146 993 1180 1064 et
1194 989 1294 1065 hodio

275 1099 553 1200 uelnt'saltantes
573 1123 737 1198 videntur.
786 1163 788 1167 ·

350 1258 411 1331 18.
449 1255 504 1330 Ab
530 1256 617 1330 unde
635 1256 795 1330 Dominus
820 1256 1012 1350 baptizatus
1038 1261 1090 1332 est
1110 1279 1216 1351 usque
1235 1257 1296 1332 ubi

276 1389 432 1472 iordanis
448 1391 485 1463 in
498 1392 769 1464 marelllortuum
782 1389 898 1477 intrat
918 1393 997 1464 sunt
1010 1391 1118 1466 millia
1132 1390 1295 1485 quinque.

276 1525 322 1598 Et
338 1524 450 1619 ipsum
468 1525 519 1598 eet
537 1546 629 1600 mare
647 1525 826 1614 Mortuum,
847 1523 905 1597 ubi
924 1522 1064 1599 Sodoma
1082 1527 1117 1598 et
1135 1523 1296 1598 Gomorra

233 1651 235 1656 ’
277 1659 498 1737 dimerserunt
521 1678 595 1732 oum
619 1656 697 1731 aliie
719 1657 843 1748 tribue,
871 1657 950 1750 quia
975 1657 1120 1750 quinque
1138 1657 1298 1731 ciuitates

276 1793 413 1868 fuerunt
427 1792 527 1885 juxta
544 1806 635 1864 mare
649 1792 827 1868 Mortuum,
861 1790 915 1864 Ibi
933 1793 985 1864 est
1003 1813 1086 1865 uxor
1098 1792 1199 1882 Loth,
1220 1813 1297 1883 qnae

277 1927 368 2001 iacta
386 1928 439 1999 est
457 1927 571 1998 statua
587 1923 680 2015 *salia
699 1927 735 1998 et
754 1924 913 2016 quomodo
932 1923 1049 1998 crescit
1062 1927 1154 2013 luna,
1171 1925 1298 1998 erescit

278 2063 312 2134 et
326 2058 411 2153 ipsa,
432 2061 467 2132 et
483 2058 640 2151 quomodo
654 2057 818 2130 minuitur
831 2058 924 2148 luna,
945 2057 1145 2132 diminuitur
1157 2059 1191 2131 et
1202 2057 1293 2152 ipsa.

286 2245 290 2250 -
352 2193 411 2266 19.
453 2191 578 2265 cintae
602 2189 742 2264 Liuiade
769 2193 864 2264 trane
893 2192 1071 2266 {Iordanem
1098 2193 1224 2266 habens
1255 2193 1297 2266 de

277 2325 434 2400 Hiericho
452 2323 558 2399 millia
573 2325 656 2397 XII.
694 2325 736 2398 In
754 2323 829 2418 ipsa
848 2323 987 2398 Liuiade
1000 2326 1129 2418 Moyses
1147 2323 1297 2418 lapidem

235 2555 238 2564 „
277 2459 318 2532 de
342 2457 644 2552 virgapercussit,
671 2460 705 2531 et
730 2459 901 2532 fluxerunt
927 2481 1032 2552 aque.
1080 2458 1163 2532 Inde
1190 2461 1298 2552 major

278 2612 366 2684 aqua
390 2591 478 2680 exit,
504 2613 577 2684 qua
600 2589 707 2684 ipsam
726 2591 901 2666 Liuiadam
919 2613 1048 2665 omnem
1070 2591 1201 2686 irrigat.
1241 2592 1297 2666 Ibi

277 2726 380 2799 habet
397 2725 565 2798 dactalum
583 2724 759 2798 Nicolaum
778 2727 947 2818 majorem.
982 2724 1036 2798 lbi
1054 2727 1089 2798 et
1102 2725 1232 2818 Moyseo
1255 2727 1297 2799 de

277 2859 394 2934 seruo
412 2857 581 2932 transivit.
616 2859 662 2931 Et
679 2858 727 2932 ibi
747 2878 840 2950 aqua
855 2857 969 2932 calida
984 2861 1073 2948 eunt,
1094 2857 1152 2931 ubi
1166 2859 1298 2952 Moyses

277 2989 373 3083 lavit,
393 2994 427 3064 et
445 2991 482 3064 in
500 2989 582 3084 ipsis
600 2991 697 3084 aquis
715 2989 833 3064 calidis
851 2990 971 3084 leprosi
991 2994 1158 3066 curantur.

350 3124 411 3199 20.
451 3125 514 3198 liet
531 3127 623 3198 lecue
642 3123 741 3198 tertio
760 3123 916 3198 milliario
934 3123 1196 3198 deHierneal'cm
1211 3124 1295 3198 civi·

276 3260 361 3350 tate,
381 3259 459 3332 dum
478 3257 608 3332 domina
626 3257 743 3348 Maria,
764 3261 872 3342 mater·
889 3257 1033 3348 Domini,
1053 3257 1120 3333 iret
1137 3257 1294 3332 inBeth-

275 3392 378 3482 leem,
406 3390 577 3466 descendit
601 3389 776 3482 decetne,
805 3393 840 3464 et
863 3390 953 3465 aedit
979 3411 1078 3483 cuper
1102 3393 1232 3485 petram
1259 3395 1295 3465 et

276 3523 449 3600 benedixit
462 3545 546 3599 eam.
581 3523 739 3598 Urbiciua
752 3523 924 3598 dicebatur
938 3522 1134 3620 praepositus
1148 3523 1292 3618 imperii,

276 3657 335 3750 qui
354 3657 396 3732 ad
416 3631 544 3750 septem
561 3657 776 3750 imperatores
795 3656 990 3752 prepositus
1015 3657 1033 3730 f
1055 3657 1082 3730 't
1104 3659 1139 3731 et
1157 3677 1292 3731 coronas
