2846 4526
312 709 408 765 v111.
439 707 550 764 Vallis
577 705 762 775 Josa'phst,
792 707 893 775 petra
922 705 1136 774 traditionis,
1167 707 1287 774 palma

440 813 580 882 Christi,
594 815 818 870 monumenta
832 812 932 870 Isaiae
949 815 984 870 st
999 813 1164 870 Ezechiae.

116 1055 124 1074 ,
276 1023 303 1039 1,
338 971 426 1045 Item
452 972 494 1044 ab
519 969 730 1045 Hierusalem
758 967 852 1044 eunti
879 969 922 1043 ad
948 973 1095 1064 portam,
1129 991 1202 1063 qua
1230 969 1287 1042 est

268 1107 382 1180 eontra
408 1103 586 1192 orientem,
622 1105 662 1177 nt
689 1103 888 1178 ascendatur
915 1103 951 1175 iu
976 1105 1122 1177 montem
1147 1101 1283 1193 Oliveti,

267 1237 386 1328 valiis,
414 1259 486 1331 qua
512 1236 633 1311 dieitur
652 1237 826 1330 iosaphat.
872 1235 1283 1330 supereminente,

267 1370 326 1447 ubi
344 1372 423 1446 suut
437 1369 552 1462 uinea,
572 1370 625 1446 est
643 1371 678 1445 et
692 1371 799 1464 petra,
819 1369 877 1444 ubi
890 1370 995 1445 iudas
1009 1369 1174 1444 Isearioth
1188 1368 1284 1444 Ghri-

268 1507 358 1580 stum
389 1503 542 1594 tradidit
576 1504 619 1578 ad
646 1505 775 1598 partem
801 1524 877 1579 uero
910 1505 1082 1578 dexteram
1109 1505 1162 1578 est
1189 1505 1287 1576 arbor

267 1639 404 1734 palma,
431 1637 472 1712 de
497 1659 563 1731 qua
586 1637 733 1712 infantes
751 1659 859 1712 ramos
881 1639 1033 1712 tuarum
1050 1639 1104 1728 et,
1131 1637 1285 1712 ueniente

269 1771 414 1863 Christo,
434 1773 698 1846 substraverunt.
737 1771 818 1845 Inde
836 1793 901 1846 uon
920 1771 1032 1866 longe,
1058 1769 1154 1864 quasi
1172 1769 1213 1842 ad
1232 1771 1284 1842 la·
1330 1793 1333 1797 ·

268 1904 356 1999 pidis
373 1904 529 1996 missurn,
557 1907 637 1978 suut
653 1907 867 1978 monumenta
884 1904 967 1994 duo,
991 1903 1178 1977 monubiles
1192 1903 1284 1978 mira

267 2037 536 2133 pulchritudinis,
556 2037 662 2111 faeta:
690 2037 726 2109 iu
745 2057 848 2110 unum
866 2037 993 2130 positus
1015 2039 1066 2110 est
1084 2037 1191 2111 isaias
1209 2057 1284 2130 pro·

268 2172 381 2266 pheta,
403 2171 460 2264 qui
479 2173 531 2245 est
550 2193 625 2245 vere
644 2169 862 2262 monolithus,
883 2172 918 2244 et
935 2170 971 2244 in
989 2171 1093 2244 ulium
1111 2169 1283 2262 Ezechias,

268 2320 328 2378 rex
344 2303 536 2396 Judaorum.

312 2591 373 2648 IX.
403 2591 505 2648 Mons
531 2589 673 2657 oliveti,
697 2591 799 2647 loeus
822 2589 1078 2658 discipulorum
1099 2591 1285 2647 Dominum

279 2756 283 2766 Α
402 2696 1286 2772 audientiumbasilieaoonstantini,loeusvisionis,

401 2803 580 2862 Bethania.

339 2970 422 3044 Inde
436 2969 587 3044 aseendis
606 2971 641 3043 iu
655 2969 943 3060 montemoliveti,
963 2967 1021 3043 ubi
1030 2969 1190 3043 Dominus
1204 2971 1283 3044 aute

268 3102 453 3197 passionem
471 3102 649 3198 disoipulos
667 3103 787 3178 docuit.
827 3103 880 3176 Ibi
900 3101 991 3176 faeta
1011 3104 1063 3177 est
1085 3105 1180 3196 jussu
1199 3103 1281 3178 Gou-

268 3233 409 3310 stantini
427 3235 566 3310 basilica
584 3235 676 3310 mir-ae
695 3235 962 3330 pulehritudiuis.
1002 3235 1085 3310 Inde
1103 3258 1168 3310 uon
1186 3237 1283 3331 leuge

269 3371 322 3444 est
334 3369 547 3460 mentieulus,
562 3369 619 3443 ubi
628 3369 788 3444 Dominus
802 3367 951 3473 aseendit
960 3391 1064 3460 erare,
1080 3370 1115 3442 et
1128 3368 1284 3462 apparunt

267 3501 339 3578 illie
369 3503 498 3597 Moyses
529 3504 564 3575 et
587 3501 700 3593 Elias,
737 3501 866 3595 quande
892 3504 1029 3577 Petrum
1063 3504 1098 3576 et
1122 3504 1283 3577 ioannem

236 3617 239 3624 Δ
268 3657 378 3710 seeum
397 3636 503 3711 duxit
531 3636 613 3710 Inde
632 3635 851 3709 adorientem
870 3657 988 3730 passus
1007 3635 1100 3708 mille
1119 3634 1281 3730 quingen-
