2846 4526
312 332 349 394 18

308 525 520 617 desideraret,
536 522 702 618 exposuit,
716 525 818 616 atqua
830 520 934 596 oculis
947 521 1210 616 prophetalibus,
1225 544 1322 616 quem

306 679 367 734 nos
383 658 511 734 uenisse
526 661 597 750 jam
614 655 788 747 eredimus,
807 654 867 730 ille
880 658 1056 730 uenturum
1069 676 1141 730 esse
1155 659 1320 732 demebat.

308 792 401 868 Eooe
417 793 620 866 audiuimus
641 791 742 864 ibium
766 791 806 862 ira
825 790 1000 882 proto,
1023 790 1220 864 invenimus
1246 812 1324 862 aaa

306 925 347 998 io
373 926 504 1018 motois
521 923 631 998 ,silom
668 925 713 998 no
733 921 856 1016 quippe
880 943 986 996 sermo
1010 923 1203 1014 hebraieus,
1226 927 1268 996 ut
1290 926 1324 996 te

307 1057 445 1132 dooante
463 1055 582 1147 didioi,
602 1079 667 1130 non
684 1055 841 1146 Mariam,
862 1059 1003 1130 matrem
1020 1055 1171 1147 Domini,
1191 1057 1256 1130 hoo
1274 1059 1324 1130 esi

309 1198 424 1282 ἀυτὴν,
446 1191 504 1264 sed
521 1189 648 1284 ipsum,
673 1189 777 1264 idest
802 1196 916 1276 ἀνιὸν,
934 1189 1115 1285 signifieat.
1154 1189 1253 1264 Unde
1274 1191 1323 1262 lo-

308 1321 423 1416 quitur
437 1323 654 1398 confidenter:
676 1324 905 1400 introibimus
916 1326 957 1398 io
969 1324 1226 1398 wbmooooboo
1239 1327 1323 1416 ejas,

307 1457 527 1530 adorabimus
545 1459 586 1530 io
603 1458 681 1548 beo,
699 1459 760 1530 obi
778 1465 941 1532 manum
951 1460 1059 1551 pedes
1076 1460 1159 1548 ajin.
1191 1458 1237 1534 nt
1250 1477 1322 1552 ego,

306 1589 427 1664 misera
441 1592 475 1663 et
488 1589 670 1686 peccatrix,
685 1590 788 1686 digna
802 1613 875 1664 sum
885 1590 1035 1684 jndionia
1043 1590 1226 1666 deosculari
1234 1609 1321 1685 prae·
1382 1628 1383 1636 κ

307 1745 402 1816 sepe,
428 1723 463 1798 in
489 1746 553 1817 quo
571 1723 733 1798 Dominus
756 1726 915 1819 parvulus
932 1723 1057 1818 vagiit,
1083 1745 1175 1798 orare
1193 1723 1230 1796 in
1248 1746 1322 1818 spe·

306 1858 415 1947 lunoa,
435 1857 471 1930 in
490 1880 557 1950 qua
570 1857 663 1952 uirgo
677 1879 838 1953 puerpera
847 1857 1024 1932 Dominum
1038 1857 1127 1932 fudit
1140 1856 1323 1934 infantemi

306 1992 391 2064 Haeo
413 1990 544 2083 requies
569 2013 661 2082 mea,
688 1991 768 2083 quia
785 1990 918 2064 Domini
940 1990 1007 2064 mei
1024 1990 1136 2084 patria
1155 1993 1216 2066 est.
1259 1989 1322 2064 Hie

305 2123 475 2214 habitabo,
496 2123 652 2216 quoniam
670 2125 815 2197 salvator
833 2122 937 2218 elegit
954 2104 1037 2198 eam.
1069 2124 1201 2198 Porooi
1214 2125 1321 2199 boem-

305 2282 388 2332 orum
410 2259 546 2332 Obristo
570 2280 651 2330 roeo.
693 2256 826 2332 norma
847 2281 923 2332 roeo
947 2257 1001 2331 ilbi
1022 2259 1127 2348 oioet,
1152 2265 1184 2331 ab
1207 2279 1322 2333 samaro

305 2414 420 2464 ereum
436 2392 558 2464 seruiet
575 2392 655 2484 ipsi.

377 2524 412 2599 0.
424 2525 489 2598 IX.
510 2524 826 2617 Haudproculinde
841 2522 1065 2598 deseenditad
1079 2525 1320 2613 turrimAder,

305 2656 340 2732 id
358 2660 411 2731 est
428 2656 552 2752 gregis,
568 2661 670 2751 iuxta
689 2679 788 2750 quam
806 2658 909 2732 Jaoob
927 2656 1021 2751 pauit
1038 2678 1157 2754 greges
1176 2681 1265 2750 suos,
1288 2659 1321 2731 at

306 2794 454 2884 pastores
472 2792 566 2864 noete
584 2790 764 2885 uigilantes
782 2790 895 2864 audire
912 2794 1120 2866 meruerunt:
1144 2791 1267 2867 Gloria
1283 2792 1321 2863 io

305 2925 444 2998 modieis
457 2924 530 2998 Deo
548 2932 580 2997 et
596 2947 699 3018 super
712 2933 839 2998 neom
850 2948 924 3018 pao
942 2925 1136 3000 dominibus
1154 2927 1249 2999 borooe
1266 2948 1320 2999 oo

305 3057 456 3132 boemiis.
502 3059 656 3151 Dumque
685 3060 820 3133 serrant
846 3079 942 3150 oues,
970 3057 1169 3134 invenerunt
1196 3079 1319 3155 agnum

305 3191 367 3266 Dei
389 3213 471 3285 puro
499 3193 534 3266 et
560 3191 777 3266 mundissimo
804 3193 946 3284 vellere,
980 3193 1067 3286 quod
1098 3192 1135 3266 in
1161 3192 1319 3272 ariditate

305 3324 409 3399 totius
440 3328 536 3400 terra
569 3325 696 3400 aelesti
723 3348 796 3400 rore
824 3326 1025 3419 completum
1054 3329 1124 3417 est,
1159 3330 1193 3401 et
1224 3328 1318 3418 orpus

305 3459 443 3553 sanguis
461 3459 544 3533 tulit
561 3461 699 3554 peooata
723 3458 857 3550 mundi,
885 3461 921 3534 et
941 3460 1235 3534 exterminatorem
1251 3457 1316 3532 Aa·

305 3591 405 3686 gppti
422 3591 521 3668 littus
538 3592 575 3666 in
593 3591 746 3686 postibus
763 3591 907 3687 fugauit.
