2846 4526
275 339 316 402 21

243 553 246 564 ·
273 533 330 606 tur
354 529 501 606 omnium
525 532 575 616 et,
594 528 739 638 singulis
757 529 870 605 111111
887 509 1056 626 lacrymis,
1076 529 1291 608 0111111111-

273 663 432 738 mentiam
449 662 699 757 deprecabatur.
734 663 779 736 ut
797 663 884 738 sient
903 668 976 739 erat
993 665 1152 756 invalida,
1171 687 1291 740 ascen-

105 827 123 866 ·.
273 797 324 872 dit
341 796 481 890 pedibus
499 798 654 888 montem,
674 795 818 889 inanius
836 797 965 872 duabus
977 799 1156 893 speluncis,
1174 821 1291 893 perse-

223 996 226 1001 .
273 929 415 1006 eudonis
440 931 474 1004 et
497 928 596 1004 famis
621 932 783 1024 tempore,
817 930 945 1006 Abdias
970 933 1132 1027 pmpheta
1154 935 1292 1008 centum

218 1151 220 1158 ἲ
272 1064 454 1158 propbetas
471 1062 558 1136 aluit
574 1085 659 1158 pane
678 1067 713 1138 et
730 1085 830 1156 aqua.

345 1197 380 1272 (i.
408 1197 523 1272 XVII.
571 1197 653 1270 Inde
681 1195 746 1270 cito
771 1195 889 1272 itinere
915 1198 1079 1292 percurrit
1105 1199 1291 1288 Nazareth,

273 1329 476 1405 nutriculam
494 1329 643 1420 Domini,
666 1331 764 1406 Ocea
781 1334 816 1404 et
836 1329 1097 1425 Oepbooooeoa,
1118 1331 1292 1427 signorum

273 1465 344 1557 ep’us
369 1463 567 1554 familiares,
592 1464 706 1538 beroa
736 1465 930 1540 Tiberiadis
948 1465 1132 1560 navigante
1149 1463 1291 1538 Domino

273 1597 519 1672 sanctificatum
538 1599 573 1670 et
589 1597 815 1689 solitudinem,
835 1597 870 1670 in
889 1621 956 1692 qua
973 1601 1082 1674 multa
1095 1601 1292 1693 populorum

273 1729 380 1804 millia
406 1729 520 1822 paucis
546 1733 697 1804 saturata
724 1735 804 1806 sunt
831 1731 990 1824 panibus,
1019 1733 1054 1806 et
1080 1733 1121 1807 de
1137 1733 1292 1826 reliquiis

273 1863 475 1938 vescentium
508 1864 629 1957 repleti
660 1867 740 1938 sunt
771 1865 903 1958 cophini
934 1865 1105 1940 duodecim
1137 1867 1292 1942 tribuum

272 1997 387 2072 Israel.
427 1995 615 2072 Scandebat
633 2006 779 2072 meatem
800 1999 925 2087 Tuber,
949 1997 985 2072 in
1012 2021 1077 2092 quo
1101 2000 1291 2094 transfigu-

272 2133 367 2205 ratus
385 2134 438 2204 est
455 2129 631 2219 Dominus3
655 2129 838 2224 aspiciebat
855 2133 968 2224 procul
987 2135 1115 2206 montes
1133 2133 1294 2206 Heronem

232 2327 233 2331 ,
272 2267 307 2340 et
320 2265 548 2354 Hermooiioa,
569 2267 603 2338 et
621 2286 755 2358 campos
772 2263 952 2338 latissimos
969 2263 1137 2354 Galilaeae,
1157 2265 1193 2338 in
1212 2265 1292 2358 qui·

271 2401 333 2472 bus
353 2395 466 2474 Sisara
485 2401 520 2471 et
538 2397 643 2472 omnis
666 2398 831 2473 exercitus
856 2403 946 2490 ejris,
973 2401 1103 2474 Barach
1121 2399 1290 2490 11111111,

271 2534 458 2626 prostratus
477 2534 544 2604 eet:
571 2539 701 2605 brocas
722 2533 842 2622 Oieoo,
867 2532 926 2624 qni
953 2531 1095 2606 mediam
1114 2531 1292 2625 planitiem

271 2663 451 2755 dividebat,
471 2669 506 2737 et
523 2664 679 2758 oppidum
694 2667 795 2757 juxta
810 2666 928 2756 Noioc,
947 2666 982 2738 in
1003 2687 1067 2759 quo
1086 2666 1192 2739 mdnae
1212 2684 1290 2738 sus·

271 2799 395 2874 citatus
413 2799 463 2872 111
481 2797 583 2887 filius,
603 2801 860 2873 monstrabatur.

343 2933 378 3007 0.
399 2921 532 3007 Xlllll.
577 2932 657 3006 Dies
675 2931 759 3006 mihi
782 2932 875 3026 prius
893 2955 994 3025 quam
1017 2953 1122 3006 sermo
1140 2930 1287 3022 deficiet,

271 3065 300 3140 ei
326 3067 457 3140 voluero
482 3069 601 3140 cuncta
625 3087 826 3159 percurrere,
854 3087 930 3160 quae
956 3057 1063 3140 Paula
1089 3058 1290 3140 uenerabilis

271 3197 336 3272 fide
354 3197 541 3275 incredibili
554 3202 735 3294 peruagata
753 3202 814 3272 est.
851 3184 1011 3273 Transibo
1025 3199 1068 3272 ad
1081 3199 1286 3293 nemeae,

271 3333 305 3406 et
329 3330 365 3404 in
383 3333 524 3406 Soobodc
546 3336 648 3426 atque
675 3333 764 3426 apud
786 3335 916 3424 factem
934 3333 1095 3423 Scooeoo,
1119 3353 1217 3426 quem
1242 3333 1285 3408 de

270 3465 387 3538 molari
410 3466 558 3560 maxillae
581 3467 680 3539 dente
704 3465 877 3558 produxit,
904 3465 1084 3540 subsistam
1108 3487 1286 3560 parumper

270 3600 305 3672 et
332 3599 460 3675 arentia
487 3621 543 3674 ora
569 3601 728 3690 colluam,
756 3601 796 3672 ut
822 3599 1026 3676 refocillatus
1052 3599 1183 3673 rideam
1204 3600 1286 3674 Mo·
