2846 4526
1101 385 1139 446 ¹7

123 583 173 656 De
191 583 228 655 te
245 580 412 674 quondam
424 579 584 654 Michaeas
599 579 801 654 vaticinatus
819 583 886 655 cst:
909 581 960 655 iat
976 577 1140 668 talieta

123 715 206 789 leem
226 713 393 807 Epirota,
410 735 481 787 acra
497 713 644 787 mimiam
661 737 696 787 ec
713 715 754 786 ia
771 714 923 788 miiitiae
939 714 1046 787 Jada.
1080 711 1141 785 aa

122 855 155 921 te
173 824 260 920 miti
278 848 470 940 epredietar
482 847 543 940 qai
555 847 601 920 eit
612 847 778 940 praeceps
794 849 836 920 ia
848 846 968 938 Icroei,
987 853 1019 919 et
1031 867 1140 938 19111-

122 1003 184 1054 aas
206 981 282 1070 ejas
304 980 346 1054 od
370 980 487 1070 mitio,
510 1003 533 1053 a
557 980 678 1054 dietae
702 981 911 1055 tamtam
955 979 1140 1073 Propterea

123 1114 222 1188 dotia
239 1135 294 1187 eoa
311 1135 418 1207 asqae
435 1115 482 1186 od
498 1120 631 1207 tempas
642 1115 824 1208 parientia.
853 1114 990 1205 Portet,
1012 1120 1045 1187 et
1060 1113 1140 1185 reii-

123 1248 214 1340 qaia
236 1248 390 1340 fratrom
413 1249 488 1338 ejas
506 1254 742 1321 manamatar
759 1249 807 1320 ad
829 1247 919 1340 fidiae
937 1246 1057 1321 Isroei.
1097 1245 1140 1318 In

122 1385 157 1456 te
174 1379 262 1454 enim
281 1383 382 1460 natan
399 1383 450 1454 eet
463 1380 626 1473 princeps,
647 1379 705 1473 qui
723 1383 803 1453 ante
815 1379 991 1454 luciferum
1005 1379 1141 1474 genitus

121 1515 187 1588 eet:
216 1511 310 1606 cnjus
329 1511 370 1586 de
388 1515 486 1606 patre
503 1512 665 1588 nativitas
684 1533 813 1586 omnem
838 1512 971 1586 excedit
989 1514 1137 1588 aetatem.

121 1648 167 1721 Et
199 1645 328 1720 tamdiu
358 1645 395 1717 in
426 1648 461 1718 te
492 1644 636 1719 davidici
668 1645 800 1740 generis
826 1645 918 1740 origo
944 1645 1138 1740 permansit,

122 1781 225 1852 donec
251 1777 346 1872 virgo
367 1780 515 1872 pareret,
544 1777 752 1870 etreliquiae
780 1779 893 1872 populi
917 1778 1082 1854 credentis
1103 1777 1140 1850 in

123 1911 293 1986 Ghristnnn
307 1912 579 1986 converterentur
591 1911 635 1984 ad
653 1911 740 1985 filios
752 1913 857 2012 Israel
876 1915 911 1986 et
929 1911 1138 2005 1111111111-

121 2045 287 2120 dicarent:
319 2045 420 2154 Vobis
438 2046 606 2138 oportebat
619 2047 777 2138 primam
794 2047 887 2139 ioqai
903 2046 1044 2119 verteme
1060 2045 1139 2135 ne,

121 2181 182 2254 ced
196 2181 356 2274 paoaiam
368 2180 543 2272 repulistis
555 2179 654 2270 iitad,
667 2186 698 2252 et
710 2180 873 2273 iadipaos
884 2164 1140 2271 oocp'adioostic

124 2320 258 2386 merae
272 2314 379 2402 cite,
407 2333 480 2386 ecce
504 2314 734 2388 coaoertimar
759 2314 806 2386 od
826 2320 950 2406 peotes.
995 2311 1139 2397 Dixerat

123 2444 212 2518 onim
236 2446 342 2520 Deua:
373 2445 455 2520 Noa
480 2446 560 2519 oeai
583 2446 655 2520 misi
678 2449 725 2520 od
750 2469 825 2520 oaec
842 2448 1002 2540 perditos
1018 2448 1140 2521 domas

122 2579 242 2652 Israel.
265 2569 324 2652 'Et
343 2601 381 2652 eo
400 2581 548 2673 tempore
567 2580 669 2653 Jacob
687 2601 786 2672 super
803 2601 841 2654 eo
858 2582 960 2655 verba
976 2581 1139 2673 completa

121 2715 218 2785 enni:
241 2712 323 2786 Noa
337 2713 473 2818 *deficiet
483 2714 649 2808 priaeepc
666 2714 815 2786 caJaoio
833 2720 865 2786 et
881 2713 956 2787 daa
973 2715 1017 2786 de
1032 2714 1139 2806 famo·

121 2847 218 2918 ritas
236 2847 319 2936 ejaa
336 2848 442 2921 doaeo
459 2847 573 2920 oeaiat
590 2849 650 2921 cai
662 2847 848 2954 repositam
861 2853 968 2937 estet
983 2847 1058 2940 ipse
1074 2848 1139 2920 erit

123 2980 324 3071 exspectatio
346 2981 508 3072 peatiam.
544 2980 637 3054 Bene
653 2977 762 3053 David
783 2981 936 3073 jurabat,
961 2981 1044 3054 bene
1062 2982 1139 3054 vota

122 3111 268 3186 iaciebat
286 3110 415 3185 dicens:
448 3113 490 3185 Si
507 3113 668 3187 introiero
686 3113 728 3184 ia
745 3113 1001 3188 toberaocaiam
1017 3115 1139 3187 domae

122 3267 220 3336 mee,
248 3247 281 3318 ci
307 3247 489 3319 comodere
511 3247 553 3317 ia
577 3245 700 3318 tectam
724 3248 824 3320 strati
846 3249 928 3337 mei,
956 3249 989 3320 ci
1015 3247 1139 3320 dedero

122 3401 280 3452 canaam
297 3379 403 3471 ocaiic
420 3379 504 3453 meis
523 3386 553 3454 et
573 3380 746 3472 poipeiric
763 3382 848 3454 meis
865 3369 1139 3456 dormitationem

124 3519 156 3585 et
171 3514 322 3606 repaiem
346 3513 552 3605 temporidac
570 3515 673 3604 meis,
698 3517 804 3588 doaec
828 3517 1004 3588 iaoeaiam
1028 3513 1139 3606 locam

125 3645 288 3736 Domino,
312 3647 570 3720 toieraocaiam
594 3647 667 3722 Deo
685 3649 801 3722 Jacob.
846 3647 892 3721 Et
916 3647 1032 3722 statim
1057 3647 1137 3740 quid
1290 3709 1293 3714 .

938 3769 958 3832 2
1109 3815 1110 3818 ,
