2846 4526
601 1161 658 1246 lli.

160 1301 192 1388 i.
211 1303 376 1388 Eucherii
397 1304 550 1407 epitome
571 1307 613 1388 ie
634 1305 818 1408 aliquibus
838 1303 930 1389 iocis
950 1305 1101 1390 sauciis.

193 1495 414 1568 Hierusalem
440 1497 483 1568 ab
509 1493 605 1570 Aelio
631 1494 804 1570 Hadriano
831 1494 935 1570 aaa
961 1495 1135 1574 vocitatur.

121 1630 229 1718 Nam,
248 1631 323 1722 post
342 1627 587 1701 subversionem
606 1627 694 1718 uici,
720 1625 895 1702 conditoris
912 1627 1004 1702 Aelii
1020 1649 1138 1703 nomon

122 1783 198 1834 curn
211 1781 309 1854 opero
322 1758 482 1852 suscepit.
515 1761 648 1834 Natura
661 1759 726 1833 loci
740 1760 841 1851 edita,
862 1763 971 1854 ajunt,
988 1761 1139 1854 quelibet

122 1915 166 1968 ex
178 1895 275 1987 parto
288 1891 380 1966 baud
393 1891 492 1966 dubie
511 1893 752 1966 ascendendum
762 1891 826 1967 crit
832 1893 984 1983 ;idiutino
1003 1892 1138 1988 quippe,

123 2027 182 2102 sed
200 2025 293 2100 molli
312 2028 424 2100 tractu
449 2025 608 2122 assurgit.
656 2023 751 2108 Situs
779 2025 852 2122 ipse
877 2025 969 2102 urbis
993 2049 1078 2121 pene
1103 2027 1140 2102 111
1228 2015 1231 2023 ’

121 2163 233 2235 orbem
251 2159 490 2249 circumactus,
517 2181 582 2232 uon
601 2181 703 2268 paruo
721 2181 889 2234 murorum
908 2159 1054 2249 ambitu,
1076 2181 1139 2252 quc

122 2293 226 2366 etiam
243 2294 388 2366 montom
407 2291 504 2384 Sion,
533 2293 698 2386 quondam
717 2292 881 2384 uicinum,
906 2296 977 2388 J'am
995 2294 1085 2368 intra
1103 2315 1139 2368 11

122 2423 253 2518 recipit,
270 2424 339 2518 qui,
359 2425 530 2502 amendia
543 2425 684 2521 positus,
704 2449 763 2521 pro
778 2449 853 2502 arce
866 2427 942 2502 urbi
956 2425 1138 2521 superemi-

122 2559 192 2632 net.
239 2559 346 2661 Major
371 2559 518 2634 ciuitatis
536 2581 615 2654 pars
633 2559 723 2634 inira
740 2562 885 2635 montem
900 2561 992 2654 iacet
1009 2559 1045 2632 111
1062 2560 1138 2654 pla·

122 2691 205 2766 nitio
223 2692 412 2768 humilioris
431 2695 527 2768 collis
545 2693 663 2788 posita.

194 2825 300 2901 Mores
317 2828 404 2902 Stoa
427 2829 534 2902 latere
554 2838 638 2918 11111,
668 2828 754 2921 quod
780 2827 970 2920 aquilonem
991 2827 1138 2920 respicit,

124 2959 316 3032 clericorum
351 2959 647 3055 religiosorumque
682 2959 946 3034 habitationibus
983 2960 1138 3053 toquen-

123 3093 233 3166 tatur:
261 3094 355 3184 cuius
373 3093 408 3166 iu
426 3093 550 3168 uertice
567 3093 742 3186 planitiem
760 3095 991 3168 monachorum
1010 3093 1139 3167 cellula

125 3223 280 3299 obtinent
298 3225 471 3299 ecclesiam
489 3225 749 3316 circumdantes,
769 3247 842 3320 qua
859 3226 942 3318 iilic,
961 3229 1001 3299 ut
1018 3225 1138 3316 fertur,

124 3361 166 3432 ab
185 3357 346 3452 apostolis
365 3358 506 3432 fraudata
530 3381 589 3452 pro
614 3358 677 3434 loci
697 3358 946 3434 resurrectionis
972 3355 1139 3432 dominica

124 3491 325 3565 reuerentia:
345 3493 386 3565 ob
401 3492 488 3584 quod
502 3491 700 3586 promissum
716 3493 880 3586 quondam
893 3513 953 3586 por
961 3489 1139 3567 Dominum

124 3625 291 3717 paracleto
309 3624 430 3719 repleti
448 3627 528 3700 suut
546 3623 679 3720 spiritu.
