2846 4526
1132 397 1171 457 39

154 586 238 680 ipsio
260 585 514 681 imperatoribus
537 587 578 660 in·
600 587 709 681 oepite
735 589 878 680 ponebat
903 590 938 661 et
962 587 1114 681 ipseoes
1132 589 1173 662 de

154 741 267 794 eorum
292 721 403 814 eapite
427 721 610 813 deponebat
634 725 668 793 et
691 720 762 813 ipso
781 742 835 794 eos
854 720 1055 815 oestigubet.
1095 723 1172 815 Ipso

154 875 232 928 uero
258 853 456 947 prepositus
484 854 641 927 Urbioius
671 854 781 948 ipsum
812 854 958 948 lapidem
988 853 1107 928 inuidit
1138 857 1173 928 et

154 987 236 1060 feeit
254 1008 330 1059 eum
345 988 507 1079 quadrum
525 987 561 1059 in
574 988 705 1060 modurn
720 958 849 1080 ultoris,
870 987 1172 1061 111111111011-

155 1120 408 1214 stontinopolim
428 1119 588 1214 dirigere,
611 1123 645 1192 et
663 1120 741 1192 dum
760 1119 803 1193 ud
821 1123 952 1214 portem
971 1120 1077 1194 naneti
1096 1119 1172 1196 Ste-

153 1255 259 1350 plreni
279 1254 425 1345 veniret,
449 1258 519 1346 jorn
545 1253 688 1348 emplius
714 1275 790 1328 eurn
807 1275 936 1328 mouere
962 1277 1028 1328 non
1049 1254 1172 1347 potuit,

155 1409 255 1482 quem
273 1385 418 1480 lepidem
436 1407 540 1460 unum
556 1390 677 1482 jugum
696 1389 815 1461 bovum
833 1387 984 1461 duoebut.
1030 1389 1075 1461 Et
1094 1387 1173 1460 dum

154 1519 325 1613 riderent,
361 1521 446 1614 quod
473 1522 667 1594 nullatenus
695 1522 876 1614 potuerunt
906 1541 982 1594 eum
1008 1519 1044 1594 in
1072 1524 1173 1594 entre

154 1677 305 1744 movere,
335 1657 506 1728 rerooutus
531 1658 584 1728 est
609 1654 651 1727 ed
678 1655 865 1746 sepulerum
887 1653 1039 1744 Domini,
1066 1656 1101 1726 et
1125 1652 1173 1727 ibi
1317 1741 1319 1744 ¹

159 1791 265 1863 111111
293 1790 334 1862 de
362 1789 437 1882 ipou
464 1789 560 1881 petru
587 1787 713 1860 fertum
740 1789 809 1876 eet,
840 1787 940 1860 etde
967 1787 1039 1881 ipoo
1067 1787 1173 1860 ultore
1284 1820 1287 1825 ·

159 1922 427 1996 communiuntur.
476 1923 600 1995 Temen
627 1923 701 2014 poet
730 1916 1077 2013 sepulerum'Domini
1107 1922 1170 1992 est.

156 2055 233 2148 Ipso
252 2076 327 2128 vero
346 2053 507 2128 Urbioiue
526 2054 722 2148 prepositus
748 2053 1008 2128 sub-Anustesio
1028 2052 1171 2146 imperu-

155 2191 226 2262 tore
259 2187 553 2281 Constantinopoli¹
578 2187 735 2277 moritur,
774 2191 808 2262 et
842 2185 1044 2280 sepelierunt
1080 2208 1171 2259 eum:

156 2343 257 2414 quem
275 2320 447 2394 Urbieium
467 2325 556 2394 torre
574 2342 638 2392 non
657 2320 803 2414 uooepit,
830 2321 888 2394 sed
908 2319 1007 2394 tertio
1026 2319 1079 2392 die
1096 2339 1173 2426 eum

155 2455 344 2548 sepulerum
363 2453 443 2528 lorio
459 2454 612 2546 jeotuuit.
759 2487 760 2492 ¹

180 2653 182 2658 ,
232 2589 293 2661 21.
331 2590 382 2662 Do
400 2587 611 2662 Hienrsulem
630 2609 736 2680 nsque
754 2587 813 2660 ubi
837 2585 1022 2682 beptinevit
1041 2585 1172 2679 Philip·

154 2741 221 2815 pus
245 2723 432 2795 eunuohum
457 2721 565 2794 millio
583 2723 679 2809 XVI.
719 2721 801 2794 Inde
826 2719 1172 2814 11111111111111111ὁ

157 2857 273 2945 thum,
299 2873 371 2946 quoe
388 2857 586 2948 appelletur
608 2854 678 2927 ilex
704 2855 878 2945 Mambre,
905 2853 1013 2926 millio
1036 2855 1084 2926 Π.
1124 2855 1173 2926 De

158 2988 358 3064 Terebintho
375 3009 479 3080 usque
498 2987 539 3060 ed
554 2987 742 3079 spelnnoem
757 2985 933 3079 duplicem,
953 2987 1010 3059 ubi
1024 2985 1173 3078 nequies·

158 3125 239 3194 eunt
266 3121 485 3214 patriarche,
513 3119 621 3192 millio
648 3121 732 3192 1111.
780 3121 830 3192 Ilo
860 3121 1017 3212 spelunoe
1044 3118 1174 3212 duplioe

157 3275 263 3348 unque
290 3254 326 3327 in
355 3253 504 3327 Ohebron
531 3253 640 3326 millio
666 3255 721 3343 ll,
755 3253 812 3325 ubi
845 3251 1012 3326 hebitnrit
1036 3253 1175 3326 senetur

156 3387 266 3463 Dauid
285 3390 409 3480 septem
428 3387 536 3479 11111,
558 3388 688 3480 quendo
707 3386 862 3480 fugiebat
880 3388 958 3460 ente
971 3383 1065 3461 Seul.

134 3606 138 3612 ,
233 3523 294 3595 22.
334 3523 393 3594 ·De
419 3524 514 3614 porte
542 3519 633 3594 urbis
660 3519 848 3612 unquenti
874 3519 1040 3614 pugnauit
1067 3517 1174 3592 Deuid

158 3677 233 3729 oum
252 3654 350 3729 (11111
374 3654 410 3726 in
437 3657 548 3728 monte
566 3655 721 3744 Bumne,
750 3653 835 3746 quod
858 3653 1097 3748 interpretatur
1120 3653 1173 3724 lu-
