2846 4526
1075 327 1221 438 '29‘

204 570 258 646 Ab
283 545 324 646 eo
350 570 460 646 fronto
486 569 607 644 moniis
636 567 734 660 Sion,
769 590 842 663 qua
869 569 1038 664 prerupta
1065 589 1148 662 rupe
1263 639 1267 644 .

132 705 336 780 orientalem
347 705 483 798 plagam
502 701 645 798 spectat,
664 701 753 776 infra
765 723 881 776 muros
901 704 1003 796 atque
1022 724 1040 776 e
1057 701 1147 776 radi·
1237 777 1239 783 ,

132 829 226 913 oibus
242 836 336 912 sollis
353 839 434 930 foas
448 837 542 912 Solea
555 835 752 932 prorumpit,
770 835 831 930 ‘qui
847 859 914 910 non
933 857 1072 930 semper,
1090 835 1149 909 sel

132 971 169 1044 in
188 969 286 1044 oeulis
312 969 403 1044 horis
426 970 609 1064 diebusque
635 972 770 1044 emanat
793 991 854 1064 pen
875 971 974 1044 antra
999 989 1148 1062 saxaque

133 1105 324 1194 deeunens;
343 1125 504 1198 aquarum
523 1103 711 1178 aooessnin
728 1101 907 1178 meridiem
918 1102 1009 1178 finito
1039 1103 1148 1178 Juxta

133 1259 264 1312 murum
282 1238 468 1312 Jerusalem
487 1239 542 1312 rel
560 1209 679 1332 templi
698 1239 740 1311 ab
767 1236 893 1311 oriente
914 1236 1077 1311 Geeoooo
1093 1257 1146 1310 oo·

133 1371 237 1446 eurum
262 1371 332 1446 sive
349 1373 450 1446 sollis
467 1373 636 1480 Josoploar
660 1393 681 1444 a
699 1369 923 1464 septentrione
941 1368 977 1442 in
996 1372 1148 1444 austrum
1177 1363 1181 1370 ’

131 1509 299 1600 pomeria,
326 1527 386 1599 per
413 1524 513 1598 quam
538 1507 685 1595 lenens,
712 1503 873 1595 siquando
891 1501 1024 1596 pluvias
1042 1523 1152 1596 aquas
1258 1581 1261 1589 ,
1299 1487 1301 1494 ’

130 1637 263 1735 resipit,
283 1637 440 1712 decurrit.
1085 1707 1089 1714 .

135 1769 138 1776 ’
187 1770 422 1868 ¹llireumjeoia‘
439 1767 741 1863 hierosolymitanae
759 1767 851 1841 urbis
871 1789 988 1860 aspera
1007 1769 1042 1841 ei
1054 1789 1147 1840 mon·

132 1906 206 1977 losa
225 1907 416 1992 cernuntur,
437 1920 515 1996 qna·
530 1901 633 1977 etiarn
650 1910 799 1976 monem
820 1900 1054 1976 oraverimus
1072 1922 1093 1972 a
1112 1921 1147 1974 se
1211 1886 1213 1982 ff

77 2055 78 2060 ’
132 2035 312 2111 dissuetum
330 2035 484 2131 passibus
502 2037 538 2108 in
556 2035 717 2110 orientem
731 2036 931 2130 prosperial.
965 2035 1046 2108 Dua
1060 2032 1096 2106 in
1110 2055 1149 2108 eo

132 2170 278 2244 ecelesiae
297 2169 516 2244 celeberrima
535 2171 717 2245 habentur:
737 2191 804 2242 una
821 2167 858 2242 in
876 2169 989 2242 eodem
1006 2166 1148 2242 fundata

131 2304 220 2393 loeo,
246 2303 283 2376 in
301 2323 365 2395 quo
382 2302 542 2376 Dominus
562 2305 605 2376 ad
624 2303 805 2397 discipulos
824 2324 900 2376 suos
919 2301 1077 2386 habuisse
1096 2300 1146 2374 di-

128 2434 223 2542 eitur*
238 2457 420 2526 sermones,
449 2437 557 2510 altera
574 2437 611 2510 in
629 2439 717 2528 loeo,
745 2438 785 2512 de
812 2456 876 2530 quo
895 2436 1019 2508 eoelum
1033 2423 1148 2510 asson·

133 2559 223 2648 disse
241 2569 397 2650 aaaron.
555 2651 567 2662 ae

205 2690 272 2779 sm
297 2703 447 2778 millibus
472 2703 640 2778 Bellolseou
664 2706 707 2778 ab
732 2703 963 2800 Hierosolyma
987 2703 1024 2777 in
1048 2701 1147 2777 meri·

132 2835 229 2910 diano
246 2837 352 2912 latere
371 2837 514 2928 secedit,
535 2859 608 2930 quae
626 2836 747 2910 humili
764 2859 857 2911 muro
875 2842 911 2912 el
929 2840 1060 2930 absque,
1074 2839 1147 2910 iur-

132 2968 229 3043 ribus
252 2958 491 3064 angustissimo
505 2969 624 3064 spatio
647 2971 885 3044 eironmdalnr:
918 2971 977 3045 ubi
1001 2991 1149 3064 presepe

132 3101 283 3193 Domini,
307 3113 504 3176 exornatum
525 3081 662 3197 insuper
681 3091 820 3198 argento
841 3107 943 3198 alque
959 3123 1059 3194 auro,
1080 3103 1147 3174 iul-

136 3236 232 3332 genli
251 3237 336 3310 oolla
356 3234 512 3311 ambitur.
1057 3334 1060 3340 Ι

204 3369 370 3443 Hiericho
397 3391 473 3443 vero
501 3372 543 3444 ab
572 3368 784 3445 Hierusalem
811 3371 847 3444 in
875 3370 1001 3445 oriente
1025 3353 1148 3443 'astino

133 3503 313 3600 oolodeeim
344 3501 495 3576 millibus
529 3503 687 3578 exennia.
740 3505 909 3579 Jordono's
941 3523 1070 3596 quoqne
1106 3505 1149 3576 ab
1223 3517 1224 3521 ’

135 3637 250 3710 eadem
275 3635 349 3710 oeli
374 3640 470 3730 parte
494 3638 617 3712 ludaeos
645 3640 741 3712 terrae
770 3637 996 3732 protenditur,
1029 3638 1171 3730 quarto·
