2846 4526
296 354 359 416 28·

365 546 567 622 Oolcbriorcs
592 547 663 619 tros
684 545 771 651 sunt
798 545 967 638 portarum
995 542 1123 618 exitus:
1152 565 1239 618 nnus
1266 545 1314 618 ab

293 701 422 771 occasu,
440 681 528 754 altor
546 681 588 754 ab
606 653 744 767 oriantc,
765 676 885 750 tartins
904 698 925 750 c
943 675 1199 770 septentrionali
1213 679 1315 771 parts

293 812 397 903 urbis.
452 821 455 827 '
907 785 911 792 ¹
1237 805 1239 828 ³

305 979 307 986 ·
364 945 514 1020 Primum
544 944 585 1019 ds
616 943 698 1018 locis
733 941 871 1034 sanctis.
928 945 993 1017 Pro
1021 938 1205 1022 conditione
1225 944 1314 1046 pla·
1398 965 1399 968 ‘

293 1082 425 1154 marum
443 1077 674 1152 divertendum
685 1080 745 1151 ost
763 1077 806 1163 ad
819 1075 1006 1168 basilicam,
1026 1087 1099 1170 qna
1112 1077 1315 1171 martyrium

294 1213 507 1312 appellatur,
544 1233 565 1285 a
596 1209 812 1285 Constantino
844 1232 965 1306 magno
996 1211 1091 1284 cultu
1122 1213 1312 1314 exstructa.

293 1343 422 1420 Dehinc
446 1343 644 1418 coharantia
668 1345 711 1418 ab
735 1363 854 1418 occasu
878 1343 995 1416 insunt
1017 1341 1180 1436 Golpotlo
1204 1346 1314 1437 atqua

156 1523 158 1530 ,
294 1477 478 1568 anastasim
498 1477 556 1552 scd
568 1475 785 1556 anastasisin
798 1477 869 1560 loco
883 1475 1210 1568 ostrasnrractionis,
1227 1474 1312 1550 (301-
1399 1455 1400 1460 ¹

293 1612 398 1707 gotha
426 1631 520 1704 varo,
549 1610 677 1686 modius
703 1609 792 1686 inter
816 1609 1001 1686 anastasim
1028 1631 1068 1684 ac
1099 1610 1312 1714 martyrium,

293 1746 384 1820 locus
402 1747 454 1819 ost
472 1743 642 1820 dominica
661 1743 842 1838 passionis:
868 1744 989 1836 in'qno
1009 1743 1110 1818 otiam
1128 1733 1312 1842 rnpcs'ap-

136 1955 139 1960 .
292 1880 407 1978 parat,
436 1901 509 1972 qua
534 1877 699 1996 qnondam
723 1878 850 1972 ipsam,
876 1877 981 1952 affixo
1005 1877 1139 1952 Domini
1163 1899 1311 1970 corpora,

154 2038 190 2082 ·.
294 2032 424 2087 crucam
442 2011 594 2107 partulit.
633 2010 748 2104 Atqnc
765 2012 836 2086 hac
854 2014 928 2084 tum
950 2013 1048 2086 antra
1065 2013 1213 2086 montom·
1229 2008 1312 2086 Sion

293 2145 403 2240 posita
421 2147 620 2234 comuntur,
650 2166 714 2238 qno
740 2166 776 2218 ss
801 2143 844 2218 ad
862 2143 1052 2237 aquilonam
1070 2143 1226 2220 deliciaris
1244 2129 1314 2220 loci

292 2281 401 2352 tumor
419 2277 570 2372 porrigit.
1169 2388 1172 2395 Ι

367 2411 544 2504 Templum
562 2431 654 2502 vcro,
681 2409 716 2484 in
735 2410 884 2487 infcriori
908 2413 1004 2505 parts
1021 2410 1114 2486 urbis
1132 2411 1168 2484 in
1185 2410 1314 2487 vicinia

170 2617 173 2624 ⁴
292 2545 380 2618 muri
407 2547 449 2618 ab
476 2544 601 2620 orianta
628 2545 774 2651 locatum
795 2544 1044 2638 magnificoque
1069 2549 1312 2638 constructum,

293 2677 457 2770 quondam
486 2677 682 2752 miraculum
710 2677 793 2768 init,
817 2693 864 2752 'cx
893 2699 956 2771 qno
983 2678 1249 2772 pariatisnnins
1272 2680 1314 2756 in

292 2808 398 2884 ruinis
424 2811 574 2904 quadam
599 2810 702 2905 pinna
728 2813 800 2885 stat
825 2834 926 2906 super
951 2811 1090 2905 reliquis
1118 2813 1160 2886 all
1187 2813 1313 2888 fianda-
1348 2853 1350 2860 >

292 2946 406 3017 manta
425 2965 531 3036 usquc
546 2944 735 3020 destructis.
770 2946 890 3020 Pauca
903 2943 976 3020 illia
990 2945 1141 3020 cistama
1152 2945 1196 3044 in
1210 2963 1313 3022 nsum

294 3098 456 3170 aquarum
481 3078 700 3152 ostenduntm
725 3078 762 3152 in
788 3100 827 3166 aa
852 3063 1140 3172 patrocinantis,
1167 3083 1312 3178 quoad

233 3229 235 3233 ·
293 3201 552 3304 septentrionem
570 3210 605 3284 in
625 3211 747 3286 vicinia
762 3212 884 3306 ¹lampii
902 3211 1054 3292 extendit
1095 3269 1104 3287 .

364 3343 533 3418 Bcttesdo
549 3345 681 3440 gcmino
699 3349 841 3440 apparat
859 3346 1004 3442 insignis
1022 3349 1112 3422 lacn:
1139 3335 1225 3421 altar
1252 3347 1310 3420 hi·

292 3477 411 3553 bomis.
422 3479 617 3572 plornmqns
634 3479 794 3574 implctnr
811 3473 996 3572 imbribus,v
1016 3482 1103 3556 altar
1124 3479 1236 3554 rubris
1254 3484 1312 3556 ast

293 3611 431 3685 discolor
447 3612 554 3705 aquia
683 3585 686 3592 ’
