2822 4526
271 341 330 402 ido

268 527 331 584 dem
348 527 469 584 Antonin
487 527 607 598 iolgond
625 528 653 582 in
672 526 717 582 die
735 526 805 584 utho
824 527 872 582 des
889 527 1104 597 tempelplatnes.
1134 527 1201 582 Selrr
1219 528 1282 582 kun

268 625 339 682 isset
356 627 413 682 sieh
432 625 457 681 G
478 626 541 682 103:
569 625 606 678 lit
623 624 687 680 inde
705 625 781 679 renis
799 623 835 679 ad
852 624 963 680 domum
980 624 1076 689 Pilati,
1099 625 1146 680 ubi
1164 625 1283 681 traditus

268 726 323 780 fuit
339 725 471 780 Dominus
489 723 524 779 ad
540 723 655 778 ludaeos.
684 722 747 792 Vgl.
761 723 926 786 Theoderie„
945 724 1033 778 meino
1050 739 1122 778 anm.
1141 741 1173 778 au
1187 724 1209 776 L
1221 724 1282 778 246.

269 853 304 866 -
316 823 409 880 Joero
426 839 454 878 se
471 821 582 892 meus]
603 822 681 876 iuxta
699 821 827 875 remissus
846 821 941 874 P109.
955 849 988 860 —
1001 823 1033 878 io
1049 821 1150 890 men]
1164 821 1194 874 P.
1220 821 1285 892 Vgl

269 921 373 976 sbonda
384 921 472 976 meino
491 935 562 975 snm.
574 919 636 974 247.
664 917 720 973 Der
732 918 813 982 mich,
833 919 862 972 in
880 917 999 974 walchen
1010 919 1143 975 ieremias
1161 923 1285 988 gestiret

268 1019 372 1082 warde,
397 1020 444 1089 lag
462 1017 548 1072 neben
568 1017 616 1070 der
635 1017 843 1088 Sophienkirehe
869 1015 934 1072 oder
956 1018 983 1070 in
1002 1017 1077 1072 ihrer
1092 1017 1170 1072 nithe.
1207 1017 1284 1072 Anelr

266 1119 326 1172 eine
339 1116 436 1173 andere
450 1115 530 1170 stelle
542 1116 572 1179 P,
586 1115 647 1184 kap.
658 1115 675 1170 8
688 1115 743 1170 und
756 1113 876 1184 n(245):
897 1114 921 1168 A
934 1115 1007 1170 Siloa
1019 1115 1054 1170 ad
1067 1116 1155 1170 laeum
1168 1115 1284 1180 leonum,

268 1214 315 1272 nbi
333 1215 431 1272 missus
449 1217 492 1268 est
503 1214 642 1278 ieremias,
661 1230 756 1283 passus
770 1213 800 1278 C,
819 1213 922 1282 sprieht
939 1212 984 1267 fiir
1002 1213 1050 1266 das
1063 1213 1176 1283 gleiohe.
1206 1213 1285 1268 Noeh

266 1312 331 1368 dari
346 1329 409 1368 man
426 1312 503 1368 nieht
521 1312 686 1366 anboaehtet
704 1311 802 1372 Iessea,
821 1327 876 1365 was
888 1312 1008 1366 Antonin
1027 1310 1147 1366 schreibt
1161 1309 1284 1379 (XXIV),

267 1411 331 1466 dass
350 1410 397 1475 da,
423 1427 464 1464 wo
483 1410 531 1465 der
549 1410 637 1480 hogen
656 1411 729 1464 eines
747 1411 821 1463 alten
839 1409 1008 1464 stadtthores
1026 1425 1094 1472 war,
1118 1413 1184 1464 sunt
1207 1426 1285 1480 oque

267 1508 397 1578 putridae,
423 1510 451 1562 in
470 1525 537 1579 quas
555 1509 654 1562 missus
678 1511 722 1562 est
739 1507 884 1571 ieremias,
909 1506 964 1562 und
982 1523 1011 1561 er
1028 1507 1103 1560 iihrt
1123 1506 1196 1562 donn
1214 1508 1283 1562 fort:

268 1605 311 1661 Ab
329 1623 393 1662 areu
409 1607 459 1660 illo
478 1606 671 1662 descendentes
689 1605 724 1660 ad
742 1605 845 1670 fontem
865 1604 974 1659 Siloam.

338 1706 364 1758 8.
393 1705 508 1761 Pa'ooioo
520 1746 526 1758 .
540 1745 546 1758 .
560 1721 673 1760 nomae
693 1703 728 1770 0]
748 1704 771 1758 P
791 1704 855 1767 110,
875 1703 899 1756 A
918 1703 992 1758 Siloa
1009 1701 1045 1757 ad
1063 1703 1150 1758 lesum
1168 1704 1285 1768 leonem

266 1804 314 1860 ubi
333 1819 368 1858 m.
388 1821 410 1858 e.
429 1803 465 1868 J„
482 1818 555 1872 pass.
573 1806 642 1857 cent.
661 1803 761 1858 L245.
785 1801 842 1857 Das
861 1805 930 1858 went
947 1801 1055 1856 leonum
1073 1803 1112 1855 ist
1129 1801 1284 1858 anaweiiel·

266 1901 328 1956 hait
346 1904 447 1972 opiter,
466 1917 511 1956 um
529 1917 564 1956 an
583 1899 627 1956 die
645 1899 813 1954 ldwenhdhle
826 1899 1015 1970 anzuknirpien
1027 1898 1060 1966 (s.
1071 1899 1283 1970 Theoder.247)‚

266 1998 471 2071 hineingeilielrt
488 1999 603 2054 worden.
618 2027 651 2036 ·-
665 2015 725 2069 poce
738 2039 744 2052 .
759 2039 765 2051 .
778 2002 826 2065 ost]
840 1998 870 2061 P,
889 1998 958 2052 ohne
970 2014 1030 2067 quos
1042 1997 1098 2052 und
1109 1999 1182 2054 intra
1194 2013 1284 2052 muros

267 2098 298 2155 1..
331 2097 408 2153 Aneh
427 2097 546 2152 Antonin
565 2097 684 2153 schreibt
704 2096 813 2165 (XXV):
843 2097 914 2150 Fons
934 2096 1008 2150 Siloa
1026 2095 1105 2150 modo
1126 2098 1199 2150 intra
1217 2097 1283 2152 oiri·

267 2199 353 2252 tatem
371 2196 490 2250 inelusus
510 2198 559 2249 est.
590 2195 687 2250 Lieber
705 2195 811 2249 mdehte
830 2195 875 2250 ioh
893 2194 963 2248 inira
982 2210 1088 2248 murum
1107 2193 1188 2248 lesen.
1209 2222 1243 2234 -
1256 2196 1283 2250 A

265 2293 352 2358 oona]
372 2294 407 2358 L,
433 2293 474 2348 De
499 2293 577 2348 domo
595 2293 626 2348 P.
648 2323 680 2332 -
705 2311 789 2364 usqae
812 2292 858 2355 od]
878 2293 908 2358 P,
934 2293 1002 2348 ohne
1027 2307 1111 2362 usque
1129 2291 1161 2346 L.
1181 2321 1214 2330 «—
1234 2293 1284 2348 lbi

267 2393 422 2449 Maus.
438 2434 444 2446 .
458 2396 523 2461 stat]
538 2396 579 2446 est
591 2393 622 2456 P,
641 2392 697 2450 illio
710 2396 752 2446 est
764 2392 895 2462 grabatus
908 2383 1052 2460 paralytici
1064 2390 1094 2444 L.
1107 2419 1139 2428 -
1149 2389 1242 2446 Jeoto
1255 2432 1261 2443 .
1276 2432 1282 2444 .

267 2491 379 2556 Marso]
400 2490 430 2543 P.
452 2519 484 2528 ·-
504 2491 551 2546 abi
563 2532 569 2543 .
583 2488 781 2553 edomatio]
801 2490 837 2542 Et
856 2493 898 2543 est
922 2489 961 2544 ibi
984 2488 1143 2545 basilicam
1162 2491 1283 2558 tempore

267 2588 361 2658 (prope
384 2588 559 2656 semproni),
585 2588 632 2642 ubi
656 2605 684 2642 se
708 2588 838 2642 lavabant
860 2587 959 2642 infirmi
977 2591 1007 2642 et
1031 2590 1160 2641 sanantur
1176 2585 1202 2642 G
1220 2587 1282 2642 103.

154 2728 156 2732 .
267 2686 306 2740 Zu
318 2686 493 2755 erliioterung
510 2685 559 2740 der
577 2686 657 2740 stelle
671 2685 749 2740 dient
762 2685 882 2758 Antonin
894 2683 1035 2753 (XXVII):
1053 2685 1185 2754 piscinam
1203 2689 1284 2740 nata·

237 2829 240 2836 ,
266 2783 373 2847 teriam,
393 2800 451 2853 qna
464 2783 581 2854 quinque
597 2783 716 2853 porticus
728 2783 819 2848 habet,
838 2786 867 2838 et
884 2784 913 2840 in
932 2800 985 2837 una
998 2799 1090 2836 earum
1108 2786 1151 2836 est
1169 2781 1283 2838 basilien

266 2900 288 2938 o.
308 2882 408 2946 Maria,
427 2881 455 2936 in
474 2898 527 2951 qua
544 2882 615 2936 fiunt
632 2882 726 2936 multe
745 2882 870 2936 virtutes.
898 2881 959 2936 Und
972 2881 994 2935 L
1007 2881 1071 2935 245:
1091 2879 1123 2936 In
1141 2880 1283 2949 probation

266 2983 309 3034 est
327 2981 410 3034 etiam
430 2980 516 3034 bestie
534 2981 648 3050 virginis
666 2980 805 3050 templum.

338 3079 363 3132 9.
391 3078 433 3133 Et
450 3079 525 3134 oanis
543 3079 581 3134 od
597 3079 683 3143 silom]
702 3078 739 3132 Et
763 3077 824 3132 inde
842 3077 918 3132 uenis
940 3078 974 3130 ad
998 3077 1076 3132 illum
1096 3077 1131 3140 G,
1158 3077 1213 3132 und
1237 3076 1284 3131 bis

265 3181 375 3230 sameas
386 3193 437 3230 nur
455 3176 484 3229 in
496 3175 529 3230 G.
553 3175 601 3230 leh
614 3177 678 3231 liess
697 3176 759 3230 inde
772 3192 840 3246 weg,
859 3176 921 3230 weil
939 3192 968 3228 es
980 3175 1028 3230 auf
1044 3174 1093 3229 das
1104 3173 1282 3230 Pilatushano

266 3275 352 3344 berug
377 3275 439 3328 hat:
464 3273 500 3328 Et
525 3274 588 3328 inde
606 3275 682 3328 uenis
701 3273 736 3328 ad
755 3274 863 3328 domum
881 3259 1005 3328 Pilati..
1025 3272 1063 3327 Et
1080 3271 1143 3328 inde
1161 3289 1187 3326 u.
1207 3271 1244 3327 ad
1263 3275 1282 3328 i.

264 3373 383 3442 pinnam.
412 3371 497 3426 iis-ist
515 3389 548 3425 zu
561 3371 700 3436 beaehten,
721 3371 783 3425 dass
801 3371 845 3425 die
858 3369 1105 3441 versuehungiesu
1124 3370 1209 3426 durch
1227 3372 1283 3426 den

265 3470 357 3535 tenid,
378 3471 428 3524 wie
446 3469 518 3525 heim
536 3469 939 3534 Bordeaur·Jerusalemfahrer‚
958 3470 996 3524 im
1015 3468 1215 3539 tempelplatee,
1235 3471 1282 3525 bei

265 3567 366 3622 diesem
384 3567 434 3622 aui
448 3569 522 3622 einer
540 3568 602 3622 sehr
619 3567 708 3621 hohen
726 3568 882 3622 thurmeeke
902 3566 963 3636 (IV)
986 3567 1041 3622 und
1059 3567 1103 3622 bei
1122 3567 1282 3622 Theodorus

264 3665 314 3718 aui
337 3665 384 3719 der
407 3667 484 3720 rinno
509 3665 556 3720 dos
581 3652 708 3733 tempels‚
733 3664 776 3718 die
803 3663 930 3735 iibrigens
948 3665 1029 3720 laum
1048 3663 1124 3720 mehr
1147 3665 1282 3720 existiren
