2846 4526
292 368 332 428 32

292 580 375 632 crux
390 557 516 633 Ohrisli
531 559 715 632 declarata:
731 557 929 649 cubiculum,
950 557 1008 632 ubi
1026 557 1136 652 posita
1154 561 1207 633 cei
1225 581 1307 632 crux

290 691 423 765 Domini
441 691 548 766 nosiri
566 693 648 766 Jesu
668 691 806 766 Christi.
844 691 890 764 m
907 693 980 785 ipsa
997 713 1080 766 crux
1098 671 1209 766 est'de
1228 713 1308 766 auro

291 827 327 898 ei
344 825 485 920 gemmis
504 827 639 916 ornata,
664 827 699 900 ei
717 825 837 898 ceolum
855 825 996 918 desuper
1013 847 1170 917 aureum,
1195 827 1233 900 et
1250 825 1307 899 de·

290 957 370 1032 foris
393 958 497 1032 habet
522 959 718 1031 cancellum.
757 957 811 1032 Ibi
836 961 888 1031 esi
913 957 999 1030 illud
1016 957 1222 1049 missorium,
1251 957 1309 1032 ubi

184 1091 186 1094 ’
290 1092 459 1184 portatum
484 1089 551 1166 nno
576 1094 677 1184 caput
700 1091 838 1165 loannis
857 1090 1020 1184 Baptista
1044 1094 1124 1166 anie
1141 1091 1309 1166 Herodem

290 1245 415 1318 regem.
450 1224 495 1296 Di
512 1223 561 1298 ibi
580 1227 632 1319 esi
645 1245 745 1298 cornu
762 1223 858 1315 illud,
879 1224 965 1300 unde
979 1227 1100 1298 uncins
1115 1227 1169 1300 est·
1183 1212 1306 1299 Dauid.

291 1357 336 1431 Do
354 1355 401 1431 ibi
418 1357 606 1450 plasmatus
624 1361 677 1432 est
695 1357 814 1431 Adam.
1392 1459 1393 1464 Ν

363 1490 398 1564 4.
428 1491 550 1580 Posiae
567 1489 676 1564 intras
693 1491 729 1564 in
747 1489 938 1582 basilicam,
958 1489 994 1564 in
1013 1489 1228 1585 Golgotham,
1250 1489 1308 1564 ubi
1392 1471 1393 1514 ³

290 1622 434 1722 invenies
449 1625 529 1697 suni
542 1625 611 1699 ires
628 1645 739 1699 cruces
754 1623 967 1702 absconditae.
999 1623 1045 1697 m
1059 1627 1112 1698 est
1130 1622 1179 1698 ioi
1198 1625 1309 1698 altaro

291 1758 332 1830 de
350 1779 430 1831 auro
449 1760 484 1832 et
501 1759 649 1853 argento.
685 1757 730 1832 Di
744 1759 848 1832 habet
862 1758 1030 1832 columnas
1043 1777 1159 1830 nouem
1174 1779 1306 1848 aureas,

291 1911 367 1985 quoe
386 1891 554 1967 sustinent
571 1891 657 1964 illud
675 1893 793 1966 altare.
832 1891 878 1964 Do
902 1894 955 1964 esi
979 1890 1015 1963 in
1034 1890 1145 1964 media
1164 1891 1307 1966 basilica

289 2026 423 2116 lancea,
448 2023 535 2098 unde
558 2045 734 2118 percussus
759 2023 826 2096 inii
850 2023 1010 2096 Dominus
1034 2025 1133 2098 lesus
1152 2023 1308 2100 Christus

288 2157 434 2235 inlatus
453 2179 561 2232 suum.
599 2159 644 2232 Di
661 2157 703 2231 de
720 2156 793 2252 ipsa
811 2158 927 2231 lancea
951 2156 1043 2232 facia
1068 2159 1119 2255 esi
1142 2178 1244 2251 crux,
1258 2158 1307 2232 'ei

290 2291 337 2366 sic
354 2293 445 2365 lucei
462 2313 522 2385 per
540 2293 669 2364 noctem
687 2289 775 2364 sicut
793 2291 842 2364 sol
859 2311 919 2384 per
935 2289 1033 2364 diem.
1064 2311 1073 2398 4

361 2425 411 2499 Dc
426 2423 588 2518 Daluuuiae
607 2425 676 2497 loco
694 2445 800 2519 usque
817 2423 853 2498 in
869 2423 1069 2519 Golgotham
1087 2445 1207 2518 passus
1226 2423 1306 2499 suni

287 2581 424 2634 nunmero
442 2559 520 2632 XV.

362 2696 397 2768 5.
435 2692 590 2767 Iuventio
614 2695 741 2767 sancia
766 2691 882 2766 crucis.
929 2688 1065 2784 Quando
1090 2691 1228 2764 inuenta
1254 2691 1306 2764 est

289 2829 331 2902 ab
349 2823 499 2918 Helena,
518 2829 625 2901 matre
644 2825 873 2916 Densioniini,
893 2828 997 2900 XVII
1016 2826 1085 2899 kal.
1107 2825 1253 2899 cumbris
1272 2825 1306 2896 et

288 2983 347 3054 per
364 2963 494 3055 septem
516 2960 643 3034 diesin
658 2960 871 3034 Hierusalem
892 2960 934 3032 aul
948 2961 1100 3033 sanctum
1114 2959 1305 3052 sepulcrum

287 3094 422 3170 Domini
440 3089 553 3168 missae
573 3085 796 3182 celebrantur,
818 3093 943 3186 etipsa
961 3112 1042 3166 crux
1061 3091 1206 3166 ostendii
1248 3149 1257 3166 .

362 3229 397 3302 6.
435 3229 485 3302 De
511 3227 680 3322 Golgoiha
704 3248 809 3319 usque
834 3225 871 3300 in
901 3229 1051 3300 sanciam
1079 3224 1159 3335 Sion
1186 3243 1303 3319 passus
1344 3282 1346 3286 -

128 3417 132 3424 .
287 3384 424 3436 numero
439 3361 500 3453 OD,
517 3383 593 3454 quae
608 3364 660 3435 est
673 3363 782 3434 mater
795 3359 939 3433 omnium
953 3359 1183 3434 ecclesiarum:
1203 3379 1302 3452 quam

289 3493 368 3570 Sion
385 3494 545 3597 Dominus
564 3497 677 3568 noster
695 3493 848 3568 Christus
867 3515 942 3567 cum
961 3493 1118 3586 apostolis
1137 3491 1298 3566 lumdarii.

288 3630 368 3732 Ipsa
387 3627 454 3702 fuit
472 3629 587 3702 domus
613 3628 721 3702 sancti
741 3626 844 3700 Marci
871 3627 1097 3722 euangelista.
1133 3628 1299 3713 Columna,
