2846 4526
1106 377 1154 438 'll
1258 423 1261 428 ·

147 571 362 648 Palaestinam
382 572 487 646 millia
502 574 617 646 XXX.
657 573 710 646 Iul
729 575 808 666 bapt
810 572 918 648 inatus
937 575 990 647 666
1008 571 1159 694 dorninus

146 705 317 782 Cornelius
336 729 356 778 6
375 705 503 780 domiuo
521 708 620 780 Petro
639 709 674 779 t
639 705 926 800 rnertyrrnatue
945 710 1006 780 666.

219 839 1157 932 26.11666666666666661166666666666611116111111.

144 975 230 1049 Indo
249 973 315 1048 luit
335 972 447 1048 Simon
465 973 596 1068 Magus.
636 975 685 1046 De
704 973 907 1048 Dinaresaraa
925 995 1030 1067 usque
1048 974 1083 1046 in
1098 975 1159 1047 66·

144 1130 224 1180 666
244 1106 391 1180 Galilaeae
411 1106 518 1181 rnillin
538 1108 577 1180 ll.
616 1108 665 1180 De
684 1105 888 1181 Diocaesarea
912 1107 1069 1200 usquein
1089 1109 1159 1182 Na-

143 1241 261 1314 zareth
280 1239 386 1314 millia
396 1230 448 1314 11.Ι
471 1241 520 1314 De
535 1241 706 1314 Nazareth
723 1240 760 1312 in
775 1241 948 1334 Itebyrion
962 1240 1069 1314 millia
1079 1243 1157 1316 VII.
1294 1239 1296 1245 ⁴

143 1373 199 1448 Ibi
216 1373 376 1448 Dominus
395 1375 470 1466 post
488 1372 760 1449 resurrectionem
778 1373 936 1466 apostolis
954 1374 1122 1468 apparuit.

218 1509 281 1580 27.
302 1505 1156 1614 ItemdeHieruealemusqueinBethelmillieXlI,

142 1641 180 1714 in
199 1663 264 1733 quo
276 1641 399 1714 Bethel
414 1641 517 1714 Jacob
531 1639 616 1712 vien
634 1638 669 1712 in
688 1639 813 1713 eonrnio
827 1641 963 1734 angelos
978 1641 1160 1714 ascenden-

145 1776 199 1846 tes
231 1777 264 1847 66
296 1773 531 1856 descendentes
560 1775 600 1848 de
629 1774 721 1847 6616.
767 1775 817 1846 De
845 1775 967 1848 Bethel
994 1773 1160 1866 usquein

148 1905 297 1995 Sichern,
318 1907 401 2000 quod
422 1907 542 1998 dicitur
563 1928 650 1980 nunc
668 1905 840 2000 Neapolis,
864 1906 971 1980 millia
988 1909 1158 1982 XXVIII.

144 2039 199 2116 Ibi
218 2045 270 2114 est
287 2044 422 2134 puteus,
443 2063 541 2133 qrreur
559 2039 739 2116 fabricauit
755 2042 868 2148 Jacob.
915 2040 969 2114 lbi
987 2043 1067 2114 sunt
1085 2063 1160 2114 osea

142 2172 253 2248 saneti
273 2163 408 2268 Ioseph.
456 2176 506 2248 De
526 2173 658 2248 Sinheur
686 2197 790 2267 usque
816 2173 851 2246 in
870 2173 1064 2248 Sebastearn
1082 2174 1159 2248 nril·

142 2307 281 2382 liaVII.
311 2307 365 2381 Ibi
378 2307 528 2382 doninus
542 2310 687 2384 1666666
701 2309 883 2382 decollatus
897 2309 949 2381 666
962 2307 1158 2382 abHorodc.

219 2442 280 2514 28.
301 2440 1158 2536 Ι)6·661ι6666666(]66166666166666ι611116ΧΧΧ.

142 2574 198 2648 Ibi
217 2573 367 2648 dorninns
381 2574 529 2648 Basilius
548 2574 784 2671 martyrizatus
806 2579 867 2648 cst.
903 2575 952 2648 De
967 2572 1161 2668 Scythopoli

144 2730 250 2801 usque
269 2709 479 2782 Tiberindarn
498 2709 605 2783 millia
623 2710 779 2784 XXIIII.
814 2707 867 2782 Iti
886 2707 1048 2782 Doruinus
1066 2707 1160 2816 podi-

145 2843 208 2915 bus
231 2841 428 2916 crnbrrlauit.
472 2845 521 2917 De
540 2843 716 2917 Tiberiade
733 2865 847 2935 usque
866 2842 1075 2936 llagdelann‚
1103 2840 1158 2916 ulei

144 2975 277 3048 dominc
296 2975 402 3078 Maria
420 2979 500 3050 6666
519 2979 589 3062 666,
618 2999 679 3049 666
681 2975 889 3055 tuilliass.
861 2976 996 3048 Ille
1004 2974 1161 3068 Magdala

148 3131 252 3223 usquo
271 3109 313 3181 ad
332 3111 460 3202 septem
479 3110 599 3196 fontes,
621 3109 676 3182 rubi
696 3108 857 3182 Dominus
877 3106 1029 3182 Christus
1047 3107 1159 3201 bapt-i

96 3293 105 3303 ,
144 3219 236 3315 navit
260 3243 442 3335 apostolos,
470 3242 581 3332 millia*
595 3244 647 3315 ll:
678 3242 734 3314 ubi
760 3244 794 3315 66
819 3239 984 3314 saturavit
1003 3241 1160 3333 populun

145 3375 292 3466 quinque
311 3373 454 3447 nrilliunr
473 3375 513 3448 dc
533 3349 678 3468 quinque
698 3374 839 3468 panibus
859 3377 893 3447 et
911 3374 1038 3446 duobus
1059 3371 1159 3465 pisci·

144 3511 226 3586 bus.
248 3509 331 3581 Inde
341 3507 407 3580 fuit
415 3508 545 3596 muilier,
560 3531 658 3600 quana
668 3507 827 3582 Dominus
837 3507 990 3580 Christus
1004 3504 1161 3580 liberauit

147 3643 276 3716 eflruu
295 3640 485 3736 sanguinis:
505 3663 622 3714 nornen
636 3641 742 3735 ipsius
756 3639 905 3712 mulieris
919 3639 1071 3714 Meriosa.
1107 3638 1161 3712 Ibi
