2846 4526
279 369 320 428 20

216 569 218 574 '
279 559 371 635 arida
395 559 599 654 possessione
623 561 816 653 susceperat
841 562 875 634 et
900 583 1039 654 quarum
1065 561 1168 636 ductu
1191 559 1297 636 siccos

277 689 1295 796 priorisinstrumentiamosfaciobatirriguosmtredemptio-

277 848 353 900 nem
372 813 520 902 veterum
537 830 748 921 peccaterum
773 827 808 900 in
830 827 927 921 aquis
945 827 1105 921 baptismi
1122 827 1298 923 reperiret.¹

351 961 385 1036 Ο.
399 962 482 1034 ΧΠ.
511 960 627 1034 Altero
645 961 710 1052 die,
730 963 800 1034 orto
815 963 886 1055 jam
905 961 985 1052 sole,
1006 961 1104 1035 stetit
1121 961 1157 1035 in
1175 971 1295 1056 super·

278 1093 354 1168 cilio
371 1095 508 1188 Oupbor
515 1095 688 1186 Bernaba
711 1095 811 1168 idest
829 1094 918 1168 villa
931 1093 1180 1187 benedictionis,
1196 1115 1297 1188 quam

279 1227 323 1300 ad
348 1227 455 1301 locum
479 1227 649 1300 Abraham
668 1227 845 1328 Dominum
870 1231 1061 1322 prosecutus
1087 1231 1150 1302 θεῖ.
1196 1229 1301 1306 Unde

267 1361 385 1436 'latam
403 1359 585 1454 despiciens
612 1359 823 1464 solitudinem
849 1383 886 1435 ao
905 1364 1029 1436 terram
1051 1363 1213 1454 quondam
1233 1361 1296 1438 So·

279 1495 380 1568 doma
398 1497 436 1590 et
444 1493 621 1584 Gomorrae,
641 1493 777 1568 Adana
795 1497 830 1568 et
844 1493 987 1588 Seboim,
1007 1496 1230 1589 contemplata
1243 1498 1299 1570 est

278 1629 410 1701 hortum
420 1629 571 1740 balsami
589 1630 624 1701 et
642 1627 757 1702 uineas
774 1628 810 1702 in
831 1629 1063 1722 raeparator
1082 1630 1186 1722 Sopor
1202 1628 1297 1714 ritu·

144 1773 146 1776 ’
215 1819 217 1824 .
267 1747 347 1834 ¹lam
367 1751 637 1852 'contemantem
667 1784 739 1854 qnae
764 1761 856 1856 prius
881 1761 968 1836 Bala
993 1759 1173 1849 vocabatur
1197 1764 1232 1835 et
1258 1761 1299 1836 in

134 1969 137 1974 .
278 1899 428 1986 Zoaram,
448 1895 482 1968 id
502 1897 554 1968 est
572 1896 764 1989 parvulam,
785 1917 860 1989 syro
874 1917 1026 1970 ¹sannone
1044 1897 1210 2002 translata
1228 1898 1296 1971 est.

278 2029 527 2103 Recordabatur
552 2030 716 2122 speluncas
741 2029 830 2102 Loth
855 2030 907 2118 et,
934 2051 1028 2102 versa
1052 2029 1087 2102 in
1115 2031 1297 2123 lacrymas,

278 2162 424 2257 uirgines
450 2161 555 2235 socias
580 2161 777 2234 admonebat
803 2161 984 2235 carendum
1009 2161 1231 2254 assabinum,
1258 2163 1299 2238 in

279 2317 342 2388 quo
360 2297 412 2369 est
430 2294 583 2367 luxuria:
610 2297 704 2388 cujus
731 2317 812 2388 opus
837 2294 989 2370 moabitas
1018 2299 1098 2370 sunt
1116 2299 1151 2370 ot
1169 2313 1297 2371 ammo-

278 2429 369 2504 nitae.
422 2427 489 2503 Diu
515 2431 621 2504 haereo
645 2429 681 2502 in
706 2427 862 2520 meridie,
892 2429 950 2503 ubi
975 2452 1094 2524 sponsa
1118 2432 1299 2505 cubantem

200 2619 201 2622 a
278 2561 402 2658 reperit
427 2585 582 2656 sponsum
608 2565 642 2636 et
661 2562 784 2658 Jos'eph
802 2563 986 2638 inebriatus
1012 2566 1064 2638 θεῖ
1082 2585 1156 2638 cum
1178 2563 1297 2638 fratri·

278 2699 340 2770 bus
359 2697 440 2771 suis.
586 2743 589 2748 -

350 2831 384 2905 0.
405 2831 506 2904 ΧΙΠ.
553 2831 717 2904 Revertar
741 2807 1003 2924 Hierosolymam
1031 2851 1090 2923 per
1118 2831 1299 2905 Tbeouuoc

278 2966 380 3058 atque
398 2963 517 3054 Amos,
544 2951 739 3037 rutilantem
765 2965 890 3038 moratis
913 2963 1036 3038 orroeos
1056 2985 1183 3038 erucem
1202 2965 1295 3059 aspi-

278 3097 374 3186 ciam,
394 3097 434 3170 de
454 3119 516 3190 quo
535 3099 680 3172 salrator
697 3097 845 3175 ascendit
864 3098 1069 3190 ad‘patrem:
1097 3098 1133 3171 in
1153 3119 1216 3190 quo
1234 3119 1297 3192 per

208 3299 210 3302 .
278 3251 380 3304 annos
413 3230 562 3325 singulos
594 3252 693 3304 uacca
724 3232 800 3304 rufa
831 3230 867 3304 in
899 3231 1128 3305 holocaustum
1153 3230 1296 3305 Domino

278 3365 502 3454 cremabatur,
530 3367 564 3438 et
589 3367 682 3459 cujus
708 3364 790 3438 cinis
809 3363 967 3458 expiabat
992 3365 1151 3459 populum
1169 3367 1293 3440 lsrael:

277 3495 312 3570 in
332 3519 406 3590 quo,
423 3501 524 3591 juxta
542 3498 767 3588 Ezechielem,
789 3497 963 3572 Cherubim
981 3499 1021 3572 de
1040 3501 1163 3591 templo
1180 3501 1295 3574 trans·

277 3629 462 3725 migrantes
470 3631 638 3706 ecclesiam
648 3631 780 3706 Domini
790 3632 1023 3706 fundaverunt.
1053 3633 1134 3706 Post
1143 3632 1297 3728 ingressa
1396 3663 1400 3672 ·
