2822 4526
1090 373 1147 444 iti

136 569 291 638 sarephtha
308 568 358 637 est]
374 567 473 622 Sidona
492 585 508 622 a
528 569 707 644 Sarapthaet
726 569 804 630 modo
824 569 957 639 Saraptha
976 573 1026 624 est.
1041 597 1073 608 -
1087 587 1147 640 qam

135 685 195 722 eum
209 665 342 737 pasceret]
363 667 409 736 qui
428 683 488 720 eum
507 684 532 736 p.
553 667 711 732 <seelera
729 685 748 722 a.
769 666 867 735 Halae]
887 667 990 722 Erhher
1008 667 1088 722 stand
1113 668 1147 723 da

135 766 177 820 oin
197 763 364 819 thlirmahen.
397 765 424 818 S.
436 765 521 830 Paula
540 766 607 819 oben
621 747 647 819 s.
663 766 703 819 13.
732 765 884 820 Antoninus
902 765 1008 836 Martyr
1025 765 1147 821 erwihnt

136 864 168 928 (e.
181 863 218 926 H,
239 865 325 918 maine
339 863 392 930 ed.)
410 863 502 916 keiner
522 862 618 933 kircha.
649 863 715 918 Eine
735 865 822 917 solehe
841 865 926 918 findet
945 865 1001 918 siah
1019 863 1147 935 iihrigens

135 961 201 1015 auah
221 961 264 1015 bei
283 961 389 1014 Phokas
409 969 441 1028 (a.
461 961 500 1030 7).
524 963 567 1016 ein
586 961 715 1016 hirchlein
735 961 798 1015 oder
817 964 875 1016 eine
893 963 998 1033 hapelle
1017 963 1061 1016 bei
1079 961 1146 1016 Wil-

135 1060 220 1114 brand
232 1075 283 1113 ron
297 1057 454 1130 oldenburg
467 1060 520 1126 (ed.
534 1061 654 1114 Laurent
668 1060 739 1128 165),
757 1061 799 1114 bei
812 1060 949 1115 Burchard
963 1060 1015 1128 (ed.
1029 1059 1148 1115 Laurent

136 1157 189 1225 26).
201 1187 234 1196 -
245 1159 352 1213 nomiae
365 1157 470 1226 madiae]
482 1160 588 1212 nomine
599 1159 728 1212 mulieris.
749 1158 810 1227 Vgl.
823 1159 866 1212 die
879 1175 948 1214 anm.
963 1175 1022 1213 mm
1037 1159 1078 1214 14.
1087 1159 1147 1229 kap.

206 1356 243 1408 ln
258 1356 306 1408 der
325 1371 345 1408 s.
360 1355 499 1424 galler-hs.
520 1355 591 1426 iolgt
610 1356 684 1410 naoh'
696 1357 847 1410 mansiones
867 1355 913 1419 IV,
932 1357 1096 1411 mutationes
1109 1355 1147 1410 IV

135 1453 166 1518 (s.
186 1452 254 1507 oben
274 1453 325 1506 den
345 1453 739 1508 Bordeaur-Jerusalemfahrer
757 1453 818 1523 kap.
831 1453 886 1521 ΙΙΙ)
906 1455 955 1507 auf
970 1471 989 1507 s.
1006 1455 1056 1508 113
1071 1455 1111 1508 ffi:

208 1551 248 1605 De
266 1555 357 1606 monte
376 1551 513 1606 Amriniae
533 1555 631 1606 exeunt
649 1553 761 1606 fiumina
778 1551 838 1614 duo,
853 1551 951 1622 'lygn's
969 1555 997 1606 et
1012 1551 1146 1608 Eufrates.

135 1651 170 1704 Et
189 1650 292 1720 inrigat
310 1650 409 1720 Tygris
425 1653 505 1702 terra
529 1650 681 1712 asinorum,
706 1649 832 1704 Eufrates
850 1651 953 1720 inrigat
971 1653 1043 1704 terra
1061 1649 1147 1704 Meso·

134 1748 277 1817 potamiae.
315 1748 395 1802 Eison
414 1749 505 1804 autem
527 1749 629 1818 inrigat
648 1765 752 1802 omnem
773 1751 872 1802 terram
892 1747 1025 1818 Ethiopie,
1045 1751 1073 1802 et
1087 1763 1147 1816 per·

134 1847 205 1900 rexit
231 1844 265 1899 ael
291 1849 447 1916 aegyptum.
490 1846 563 1900 Geon
587 1847 689 1916 inrigat
714 1850 813 1900 terram
838 1845 942 1900 euilath
967 1888 972 1899 .
998 1849 1027 1900 et
1048 1846 1148 1900 transit

135 1946 213 1998 iuxta
225 1943 401 1998 Hierusalem.
425 1944 472 2002 ‘Ibi
487 1948 528 1998 est
540 1944 716 2000 Hierusalem.
747 1945 888 1998 Prouintia
900 1943 1038 1998 Palestina
1050 1943 1149 1999 dieitur

134 2047 208 2098 terra
228 2041 343 2097 Oanaan.
375 2041 441 2096 Inde
461 2042 590 2108 Galileae,
609 2043 671 2096 inde
690 2043 764 2096 siria.
792 2042 859 2097 Inde
878 2042 1088 2112 Mesopotamiae
1101 2084 1107 2096 .
1120 2044 1148 2098 in

135 2143 246 2196 sinistra
256 2139 397 2194 Armeniae
408 2157 475 2210 quae
487 2141 628 2195 Armeniae
641 2143 691 2196 sub
702 2145 863 2212 imperatore
876 2145 948 2195 sunt.
967 2141 998 2195 In
1011 2141 1148 2211 prouincia

135 2239 215 2294 Asiae
234 2239 331 2293 ciuitas
344 2239 457 2308 Epheso.
487 2239 528 2294 lbi
547 2245 611 2294 srmt
630 2244 732 2310 septem
751 2240 849 2294 fratres
868 2238 1030 2294 dormientes
1048 2221 1077 2293 et
1096 2237 1146 2294 Ca·

135 2338 210 2392 tulus
228 2338 343 2392 iuriaaus
358 2381 363 2391 .
378 2354 489 2406 quorum
508 2341 594 2392 mater
614 2337 735 2392 Caritina
754 2315 862 2402 dieitur,
884 2337 985 2391 latinae
998 2337 1145 2392 Felicitas.

135 2436 210 2491 etin
229 2435 355 2505 spelunca
373 2436 472 2489 montis
491 2436 589 2490 celauit
608 2453 647 2490 eu.
685 2437 727 2490 lhi
752 2437 922 2507 requiescunt
946 2451 1055 2506 corpora
1072 2452 1147 2492 sano-

135 2538 232 2598 torum,
253 2534 285 2588 ld
297 2539 367 2594 sunt,
382 2533 567 2600 Maximianus,
580 2535 701 2589 Malehus
716 2577 721 2587 .
736 2535 920 2598 Meminimus,
934 2533 1089 2604 Dionysius,
1101 2533 1147 2590 Jo-

135 2633 235 2687 hannes
255 2632 402 2702 Seraphion
421 2636 449 2686 et
462 2632 622 2688 Constantio
636 2675 641 2688 .
655 2636 701 2704 qui
720 2636 853 2703 martyres
871 2634 936 2687 faeti
955 2633 1064 2687 suntin
1083 2633 1148 2688 ciui·

133 2733 193 2785 tate
218 2729 323 2806 Epheso
347 2734 504 2800 regnantem
522 2731 600 2787 Deon‘
622 2733 786 2803 imperator.
802 2733 830 2786 in
855 2735 975 2802 tempore
993 2731 1054 2796 illo,
1077 2733 1148 2803 quod
1248 2757 1250 2762 ·

135 2829 302 2884 manifestati
314 2833 385 2892 sunt,
406 2829 573 2895 inuenerunt,
588 2831 658 2901 quod
676 2832 828 2884 hahuerunt
841 2829 1013 2884 occtxxfl
1025 2846 1107 2885 annos
1119 2831 1147 2884 iu

135 2931 256 2997 tempore
268 2927 431 2982 Maximiano
444 2930 604 2998 imperatore
617 2945 676 2982 oum
696 2931 849 2982 sanctorum
864 2943 973 2996 corpora
990 2928 1147 2982 resurrexis-

135 3029 203 3080 sent.
223 3025 258 3079 Et
270 3025 408 3094 amplexus
421 3029 463 3080 est
475 3025 653 3080 Maximianus
665 3027 813 3095 imperator
826 3028 931 3081 sanctos
944 3025 1006 3080 illos
1017 3029 1045 3080 et
1058 3028 1147 3081 omnes

137 3123 260 3178 uidentes
277 3123 439 3178 inclinantes
458 3125 547 3194 capita
565 3141 613 3178 sua
632 3124 805 3193 dormierunt.
843 3125 900 3179 Deo
920 3123 1037 3180 Gratias.

206 3222 264 3276 Vou
284 3222 370 3276 dieser
389 3222 490 3292 augebo
508 3221 594 3276 findet
612 3239 674 3277 man
694 3223 742 3277 das
763 3223 860 3277 meista
879 3224 906 3277 in
925 3221 954 3286 P,
974 3223 1024 3276 wie
1045 3239 1066 3276 s.
1085 3223 1147 3277 11οι

135 3321 175 3374 De
191 3323 296 3373 montes
310 3319 450 3374 Armoeniee
463 3325 560 3375 exeunt
575 3363 579 3373 .
595 3321 668 3375 .bis:
688 3322 787 3376 transit
805 3321 880 3376 iuxta
896 3319 1073 3386 Hierusalem,
1093 3321 1148 3376 und

134 3437 155 3472 s.
172 3419 237 3472 111:
267 3417 319 3473 Ubi
339 3422 381 3472 est
399 3419 567 3473 Hierusalem
585 3421 723 3489 provincia
741 3420 881 3474 Palestina
894 3462 899 3472 .
914 3461 920 3473 .
933 3419 986 3474 bis:
1012 3418 1147 3474 Felicitas.

134 3516 210 3571 Dooh
228 3517 289 3586 gibt
315 3534 342 3570 es
368 3516 536 3572 hedeutende
555 3518 708 3583 variamen,
735 3518 788 3572 und
813 3518 902 3572 zumal
921 3518 964 3572 die
987 3531 1083 3574 namen
1101 3515 1148 3574 der

134 3613 341 3669 siebensehliifer
366 3615 426 3670 sind
445 3615 631 3680 verschieden,
657 3618 685 3670 in
703 3616 727 3671 G
746 3617 810 3671 aber
837 3615 1039 3671 annehmbarer.
1077 3617 1149 3672 Laut

134 3711 232 3768 Genea.
246 3715 270 3779 2,
285 3715 316 3768 11
331 3730 388 3784 sqq.
407 3713 493 3769 fliesst
512 3714 559 3768 der
571 3712 670 3769 Phison
690 3731 735 3768 um
755 3713 802 3769 das
821 3713 885 3768 land
897 3713 1035 3840 Ηοινὲἰὲὶὴ,
1055 3714 1148 3772 Gehon
