<?xml version="1.0" encoding="UTF-8"?>
<!DOCTYPE html PUBLIC "-//W3C//DTD XHTML 1.0 Transitional//EN"
    "http://www.w3.org/TR/xhtml1/DTD/xhtml1-transitional.dtd">
<html xmlns="http://www.w3.org/1999/xhtml" xml:lang="en" lang="en">
 <head>
  <title>
</title>
<meta http-equiv="Content-Type" content="text/html;charset=utf-8" />
  <meta name='ocr-system' content='tesseract 3.04.00' />
  <meta name='ocr-capabilities' content='ocr_page ocr_carea ocr_par ocr_line ocrx_word'/>
</head>
<body>
  <div class='ocr_page' id='page_1' title='image "./palaestinaedesc01toblgoog_0017.png"; bbox 0 0 2846 4526; ppageno 0'>
   <div class='ocr_carea' id='block_1_1' title="bbox 326 1113 1227 1380">
    <p class='ocr_par' dir='ltr' id='par_1_1' title="bbox 326 1113 1227 1380">
     <span class='ocr_line' id='line_1_1' title="bbox 759 1113 833 1199; baseline -0.014 0"><span class='ocrx_word' id='word_1_1' title='bbox 759 1113 799 1199; x_wconf 89' lang='lat' dir='ltr'>li.</span> <span class='ocrx_word' id='word_1_2' title='bbox 829 1143 833 1150; x_wconf 81' lang='grc'><strong>’</strong></span> 
     </span>
     <span class='ocr_line' id='line_1_2' title="bbox 326 1263 1227 1380; baseline 0.001 -21"><span class='ocrx_word' id='word_1_3' title='bbox 326 1273 358 1360; x_wconf 80' lang='lat' dir='ltr'>b.</span> <span class='ocrx_word' id='word_1_4' title='bbox 372 1274 497 1360; x_wconf 87' lang='lat' dir='ltr'>Paula</span> <span class='ocrx_word' id='word_1_5' title='bbox 516 1263 763 1380; x_wconf 76' lang='lat' dir='ltr'>peregrinatis</span> <span class='ocrx_word' id='word_1_6' title='bbox 782 1277 933 1360; x_wconf 88' lang='lat' dir='ltr'>anetum</span> <span class='ocrx_word' id='word_1_7' title='bbox 953 1272 985 1359; x_wconf 80' lang='lat' dir='ltr'>S.</span> <span class='ocrx_word' id='word_1_8' title='bbox 1000 1273 1227 1378; x_wconf 78' lang='lat' dir='ltr'><strong>Hieronymo.</strong></span> 
     </span>
    </p>
   </div>
   <div class='ocr_carea' id='block_1_2' title="bbox 192 1489 1354 3723">
    <p class='ocr_par' dir='ltr' id='par_1_2' title="bbox 256 1489 1292 1720">
     <span class='ocr_line' id='line_1_3' title="bbox 343 1489 1292 1586; baseline 0.001 -20"><span class='ocrx_word' id='word_1_9' title='bbox 343 1491 378 1568; x_wconf 80' lang='grc'>11.</span> <span class='ocrx_word' id='word_1_10' title='bbox 399 1493 429 1567; x_wconf 92' lang='grc' dir='ltr'>Ι.</span> <span class='ocrx_word' id='word_1_11' title='bbox 472 1491 582 1586; x_wconf 75' lang='lat' dir='ltr'>Quum</span> <span class='ocrx_word' id='word_1_12' title='bbox 613 1489 749 1566; x_wconf 75' lang='lat' dir='ltr'>omentis</span> <span class='ocrx_word' id='word_1_13' title='bbox 779 1493 814 1566; x_wconf 91' lang='lat' dir='ltr'>et</span> <span class='ocrx_word' id='word_1_14' title='bbox 845 1489 1021 1566; x_wconf 84' lang='lat' dir='ltr'>oaeidentis</span> <span class='ocrx_word' id='word_1_15' title='bbox 1052 1490 1216 1586; x_wconf 82' lang='lat' dir='ltr'>episeopus</span> <span class='ocrx_word' id='word_1_16' title='bbox 1246 1493 1292 1567; x_wconf 91' lang='lat' dir='ltr'>eb</span> 
     </span>
     <span class='ocr_line' id='line_1_4' title="bbox 256 1621 1291 1720; baseline 0.001 -21"><span class='ocrx_word' id='word_1_17' title='bbox 256 1626 431 1720; x_wconf 51' lang='lat' dir='ltr'>¹quasdam</span> <span class='ocrx_word' id='word_1_18' title='bbox 455 1624 666 1700; x_wconf 74' lang='lat' dir='ltr'>emissarum</span> <span class='ocrx_word' id='word_1_19' title='bbox 691 1621 908 1700; x_wconf 81' lang='lat' dir='ltr'>dissensiones</span> <span class='ocrx_word' id='word_1_20' title='bbox 933 1625 1073 1700; x_wconf 84' lang='lat' dir='ltr'>Rumam</span> <span class='ocrx_word' id='word_1_21' title='bbox 1101 1623 1291 1719; x_wconf 86' lang='lat' dir='ltr'>imperiales</span> 
     </span>
    </p>

    <p class='ocr_par' dir='ltr' id='par_1_3' title="bbox 192 1755 1290 3190">
     <span class='ocr_line' id='line_1_5' title="bbox 270 1755 1290 1851; baseline 0 -19"><span class='ocrx_word' id='word_1_22' title='bbox 270 1759 393 1834; x_wconf 85' lang='lat' dir='ltr'>littera</span> <span class='ocrx_word' id='word_1_23' title='bbox 406 1757 660 1851; x_wconf 82' lang='lat' dir='ltr'>benbaxissent,</span> <span class='ocrx_word' id='word_1_24' title='bbox 681 1757 766 1834; x_wconf 86' lang='lat' dir='ltr'>vidit</span> <span class='ocrx_word' id='word_1_25' title='bbox 780 1757 992 1834; x_wconf 77' lang='lat' dir='ltr'>admirabiles</span> <span class='ocrx_word' id='word_1_26' title='bbox 1006 1755 1092 1832; x_wconf 84' lang='lat' dir='ltr'>vines</span> <span class='ocrx_word' id='word_1_27' title='bbox 1101 1756 1290 1851; x_wconf 71' lang='lat' dir='ltr'>Christique</span> 
     </span>
     <span class='ocr_line' id='line_1_6' title="bbox 192 1865 1290 1987; baseline 0 -21"><span class='ocrx_word' id='word_1_28' title='bbox 192 1865 195 1868; x_wconf 27' lang='lat'>¹</span> <span class='ocrx_word' id='word_1_29' title='bbox 270 1893 457 1987; x_wconf 87' lang='lat' dir='ltr'>pentifiees,</span> <span class='ocrx_word' id='word_1_30' title='bbox 477 1890 674 1984; x_wconf 85' lang='lat' dir='ltr'>Paulinum,</span> <span class='ocrx_word' id='word_1_31' title='bbox 693 1891 896 1967; x_wconf 78' lang='lat' dir='ltr'>anbeehenm</span> <span class='ocrx_word' id='word_1_32' title='bbox 913 1890 1005 1966; x_wconf 84' lang='lat' dir='ltr'>urbis</span> <span class='ocrx_word' id='word_1_33' title='bbox 1023 1891 1224 1986; x_wconf 75' lang='lat' dir='ltr'>episcopum,</span> <span class='ocrx_word' id='word_1_34' title='bbox 1254 1893 1290 1966; x_wconf 82' lang='lat' dir='ltr'>et</span> 
     </span>
     <span class='ocr_line' id='line_1_7' title="bbox 271 2022 1290 2120; baseline -0.002 -20"><span class='ocrx_word' id='word_1_35' title='bbox 271 2025 496 2120; x_wconf 81' lang='lat' dir='ltr'>Epiphaniam</span> <span class='ocrx_word' id='word_1_36' title='bbox 525 2024 702 2102; x_wconf 76' lang='lat' dir='ltr'>Salamine</span> <span class='ocrx_word' id='word_1_37' title='bbox 730 2025 842 2120; x_wconf 72' lang='grc'>(11111,</span> <span class='ocrx_word' id='word_1_38' title='bbox 877 2047 950 2118; x_wconf 85' lang='lat' dir='ltr'>qua</span> <span class='ocrx_word' id='word_1_39' title='bbox 981 2047 1069 2099; x_wconf 89' lang='lat' dir='ltr'>nune</span> <span class='ocrx_word' id='word_1_40' title='bbox 1096 2022 1290 2101; x_wconf 70' lang='lat' dir='ltr'>Constantia</span> 
     </span>
     <span class='ocr_line' id='line_1_8' title="bbox 271 2156 1287 2254; baseline -0.002 -21"><span class='ocrx_word' id='word_1_41' title='bbox 271 2157 407 2233; x_wconf 84' lang='lat' dir='ltr'>dieitur:</span> <span class='ocrx_word' id='word_1_42' title='bbox 433 2181 569 2252; x_wconf 87' lang='lat' dir='ltr'>querum</span> <span class='ocrx_word' id='word_1_43' title='bbox 589 2157 813 2254; x_wconf 83' lang='lat' dir='ltr'>Epiphaniam</span> <span class='ocrx_word' id='word_1_44' title='bbox 839 2158 941 2233; x_wconf 87' lang='lat' dir='ltr'>etiam</span> <span class='ocrx_word' id='word_1_45' title='bbox 967 2158 1130 2254; x_wconf 84' lang='lat' dir='ltr'>hospitem</span> <span class='ocrx_word' id='word_1_46' title='bbox 1156 2156 1287 2249; x_wconf 89' lang='lat' dir='ltr'>habuit,</span> 
     </span>
     <span class='ocr_line' id='line_1_9' title="bbox 270 2291 1289 2387; baseline -0.005 -19"><span class='ocrx_word' id='word_1_47' title='bbox 270 2292 466 2384; x_wconf 88' lang='lat' dir='ltr'>Paulinum,</span> <span class='ocrx_word' id='word_1_48' title='bbox 486 2292 522 2366; x_wconf 90' lang='lat' dir='ltr'>in</span> <span class='ocrx_word' id='word_1_49' title='bbox 540 2293 651 2368; x_wconf 90' lang='lat' dir='ltr'>aliena</span> <span class='ocrx_word' id='word_1_50' title='bbox 673 2295 862 2368; x_wconf 87' lang='lat' dir='ltr'>manentem</span> <span class='ocrx_word' id='word_1_51' title='bbox 880 2293 988 2385; x_wconf 89' lang='lat' dir='ltr'>deme,</span> <span class='ocrx_word' id='word_1_52' title='bbox 1008 2291 1104 2386; x_wconf 86' lang='lat' dir='ltr'>quasi</span> <span class='ocrx_word' id='word_1_53' title='bbox 1121 2291 1289 2387; x_wconf 85' lang='lat' dir='ltr'>preprium</span> 
     </span>
     <span class='ocr_line' id='line_1_10' title="bbox 270 2425 1290 2523; baseline 0 -23"><span class='ocrx_word' id='word_1_54' title='bbox 270 2427 480 2501; x_wconf 75' lang='lat' dir='ltr'>humanitate</span> <span class='ocrx_word' id='word_1_55' title='bbox 504 2426 657 2520; x_wconf 85' lang='lat' dir='ltr'>possedit.</span> <span class='ocrx_word' id='word_1_56' title='bbox 705 2425 848 2523; x_wconf 72' lang='lat' dir='ltr'>Quorum</span> <span class='ocrx_word' id='word_1_57' title='bbox 875 2447 1010 2502; x_wconf 87' lang='lat' dir='ltr'>aeeensa</span> <span class='ocrx_word' id='word_1_58' title='bbox 1031 2425 1212 2501; x_wconf 82' lang='lat' dir='ltr'>uirtutibus</span> <span class='ocrx_word' id='word_1_59' title='bbox 1230 2447 1290 2520; x_wconf 84' lang='lat' dir='ltr'>per</span> 
     </span>
     <span class='ocr_line' id='line_1_11' title="bbox 270 2559 1289 2656; baseline 0 -22"><span class='ocrx_word' id='word_1_60' title='bbox 270 2563 436 2634; x_wconf 87' lang='lat' dir='ltr'>momenta</span> <span class='ocrx_word' id='word_1_61' title='bbox 451 2560 594 2655; x_wconf 84' lang='lat' dir='ltr'>patriam</span> <span class='ocrx_word' id='word_1_62' title='bbox 608 2561 754 2634; x_wconf 86' lang='lat' dir='ltr'>deserere</span> <span class='ocrx_word' id='word_1_63' title='bbox 770 2561 948 2656; x_wconf 75' lang='lat' dir='ltr'>cogitabat.</span> <span class='ocrx_word' id='word_1_64' title='bbox 983 2561 1058 2635; x_wconf 87' lang='lat' dir='ltr'>Neu</span> <span class='ocrx_word' id='word_1_65' title='bbox 1077 2559 1202 2651; x_wconf 90' lang='lat' dir='ltr'>demus,</span> <span class='ocrx_word' id='word_1_66' title='bbox 1222 2581 1289 2634; x_wconf 88' lang='lat' dir='ltr'>neu</span> 
     </span>
     <span class='ocr_line' id='line_1_12' title="bbox 269 2692 1287 2788; baseline 0 -22"><span class='ocrx_word' id='word_1_67' title='bbox 269 2693 461 2784; x_wconf 85' lang='lat' dir='ltr'>liberarum,</span> <span class='ocrx_word' id='word_1_68' title='bbox 487 2716 553 2768; x_wconf 90' lang='lat' dir='ltr'>nen</span> <span class='ocrx_word' id='word_1_69' title='bbox 579 2693 730 2786; x_wconf 80' lang='lat' dir='ltr'>familiae,</span> <span class='ocrx_word' id='word_1_70' title='bbox 758 2715 823 2768; x_wconf 86' lang='lat' dir='ltr'>nen</span> <span class='ocrx_word' id='word_1_71' title='bbox 847 2693 1103 2788; x_wconf 85' lang='lat' dir='ltr'>possessionum,</span> <span class='ocrx_word' id='word_1_72' title='bbox 1132 2715 1197 2767; x_wconf 90' lang='lat' dir='ltr'>nen</span> <span class='ocrx_word' id='word_1_73' title='bbox 1222 2692 1287 2767; x_wconf 89' lang='lat' dir='ltr'>ali-</span> 
     </span>
     <span class='ocr_line' id='line_1_13' title="bbox 270 2825 1289 2922; baseline 0 -22"><span class='ocrx_word' id='word_1_74' title='bbox 270 2829 365 2920; x_wconf 86' lang='lat' dir='ltr'>uujus</span> <span class='ocrx_word' id='word_1_75' title='bbox 383 2827 447 2918; x_wconf 88' lang='lat' dir='ltr'>rei,</span> <span class='ocrx_word' id='word_1_76' title='bbox 474 2849 545 2920; x_wconf 90' lang='lat' dir='ltr'>quae</span> <span class='ocrx_word' id='word_1_77' title='bbox 564 2828 605 2902; x_wconf 94' lang='lat' dir='ltr'>ad</span> <span class='ocrx_word' id='word_1_78' title='bbox 624 2828 779 2904; x_wconf 76' lang='lat' dir='ltr'>saeculum</span> <span class='ocrx_word' id='word_1_79' title='bbox 798 2826 959 2922; x_wconf 85' lang='lat' dir='ltr'>pertinet,</span> <span class='ocrx_word' id='word_1_80' title='bbox 985 2848 1124 2917; x_wconf 86' lang='lat' dir='ltr'>membr,</span> <span class='ocrx_word' id='word_1_81' title='bbox 1149 2828 1233 2917; x_wconf 90' lang='lat' dir='ltr'>sela,</span> <span class='ocrx_word' id='word_1_82' title='bbox 1258 2825 1289 2900; x_wconf 88' lang='lat' dir='ltr'>si</span> 
     </span>
     <span class='ocr_line' id='line_1_14' title="bbox 269 2957 1289 3054; baseline 0 -20"><span class='ocrx_word' id='word_1_83' title='bbox 269 2959 335 3034; x_wconf 87' lang='lat' dir='ltr'>diei</span> <span class='ocrx_word' id='word_1_84' title='bbox 348 2963 467 3054; x_wconf 88' lang='lat' dir='ltr'>petest,</span> <span class='ocrx_word' id='word_1_85' title='bbox 484 2964 518 3035; x_wconf 91' lang='lat' dir='ltr'>et</span> <span class='ocrx_word' id='word_1_86' title='bbox 531 2959 724 3039; x_wconf 76' lang='lat' dir='ltr'>inanitate</span> <span class='ocrx_word' id='word_1_87' title='bbox 738 2961 780 3036; x_wconf 93' lang='lat' dir='ltr'>ad</span> <span class='ocrx_word' id='word_1_88' title='bbox 797 2983 942 3036; x_wconf 90' lang='grc'>1111111111</span> <span class='ocrx_word' id='word_1_89' title='bbox 955 2957 1173 3034; x_wconf 81' lang='lat' dir='ltr'>Antoniorum</span> <span class='ocrx_word' id='word_1_90' title='bbox 1187 2962 1289 3052; x_wconf 84' lang='lat' dir='ltr'>atque</span> 
     </span>
     <span class='ocr_line' id='line_1_15' title="bbox 270 3093 796 3190; baseline 0.002 -22"><span class='ocrx_word' id='word_1_91' title='bbox 270 3095 449 3168; x_wconf 86' lang='lat' dir='ltr'>Paulerum</span> <span class='ocrx_word' id='word_1_92' title='bbox 468 3116 603 3189; x_wconf 82' lang='lat' dir='ltr'>pergere</span> <span class='ocrx_word' id='word_1_93' title='bbox 621 3093 796 3190; x_wconf 76' lang='lat' dir='ltr'>gestiebat.</span> 
     </span>
    </p>

    <p class='ocr_par' dir='ltr' id='par_1_4' title="bbox 268 3226 1354 3723">
     <span class='ocr_line' id='line_1_16' title="bbox 286 3226 1286 3321; baseline -0.001 -20"><span class='ocrx_word' id='word_1_94' title='bbox 286 3279 288 3284; x_wconf 87' lang='lat'>-</span> <span class='ocrx_word' id='word_1_95' title='bbox 342 3227 376 3302; x_wconf 81' lang='lat' dir='ltr'>d.</span> <span class='ocrx_word' id='word_1_96' title='bbox 397 3229 450 3302; x_wconf 91' lang='grc' dir='ltr'><strong>ΙΙ.·</strong></span> <span class='ocrx_word' id='word_1_97' title='bbox 499 3228 709 3321; x_wconf 79' lang='lat' dir='ltr'>Tandemque</span> <span class='ocrx_word' id='word_1_98' title='bbox 740 3229 857 3302; x_wconf 84' lang='lat' dir='ltr'>exaeta</span> <span class='ocrx_word' id='word_1_99' title='bbox 887 3227 1011 3318; x_wconf 88' lang='lat' dir='ltr'>hieme,</span> <span class='ocrx_word' id='word_1_100' title='bbox 1045 3227 1157 3320; x_wconf 88' lang='lat' dir='ltr'>aperte</span> <span class='ocrx_word' id='word_1_101' title='bbox 1188 3226 1286 3318; x_wconf 86' lang='grc'>111111,</span> 
     </span>
     <span class='ocr_line' id='line_1_17' title="bbox 268 3357 1288 3464; baseline 0 -30"><span class='ocrx_word' id='word_1_102' title='bbox 268 3357 482 3436; x_wconf 87' lang='lat' dir='ltr'>redeuntibus</span> <span class='ocrx_word' id='word_1_103' title='bbox 496 3361 539 3435; x_wconf 89' lang='lat' dir='ltr'>ad</span> <span class='ocrx_word' id='word_1_104' title='bbox 554 3360 707 3464; x_wconf 74' lang='lat' dir='ltr'>eeclesias</span> <span class='ocrx_word' id='word_1_105' title='bbox 721 3383 798 3436; x_wconf 90' lang='lat' dir='ltr'>suas</span> <span class='ocrx_word' id='word_1_106' title='bbox 811 3359 980 3456; x_wconf 85' lang='lat' dir='ltr'>episeopis,</span> <span class='ocrx_word' id='word_1_107' title='bbox 996 3362 1031 3435; x_wconf 92' lang='lat' dir='ltr'>et</span> <span class='ocrx_word' id='word_1_108' title='bbox 1043 3360 1116 3454; x_wconf 87' lang='lat' dir='ltr'>ipsa</span> <span class='ocrx_word' id='word_1_109' title='bbox 1125 3361 1198 3434; x_wconf 85' lang='lat' dir='ltr'>ueto</span> <span class='ocrx_word' id='word_1_110' title='bbox 1211 3381 1288 3434; x_wconf 88' lang='lat' dir='ltr'>eum</span> 
     </span>
     <span class='ocr_line' id='line_1_18' title="bbox 269 3492 1296 3590; baseline 0.002 -24"><span class='ocrx_word' id='word_1_111' title='bbox 269 3492 317 3567; x_wconf 92' lang='lat' dir='ltr'>eis</span> <span class='ocrx_word' id='word_1_112' title='bbox 337 3514 375 3567; x_wconf 87' lang='lat' dir='ltr'>ae</span> <span class='ocrx_word' id='word_1_113' title='bbox 394 3493 552 3568; x_wconf 85' lang='lat' dir='ltr'>desiderio</span> <span class='ocrx_word' id='word_1_114' title='bbox 570 3493 753 3590; x_wconf 81' lang='lat' dir='ltr'>navigavit.</span> <span class='ocrx_word' id='word_1_115' title='bbox 790 3492 876 3588; x_wconf 74' lang='lat' dir='ltr'>Quid</span> <span class='ocrx_word' id='word_1_116' title='bbox 890 3495 980 3568; x_wconf 87' lang='lat' dir='ltr'>ultra</span> <span class='ocrx_word' id='word_1_117' title='bbox 994 3493 1124 3568; x_wconf 85' lang='lat' dir='ltr'>differei</span> <span class='ocrx_word' id='word_1_118' title='bbox 1142 3493 1296 3568; x_wconf 74' lang='lat' dir='ltr'>Deseen-v</span> 
     </span>
     <span class='ocr_line' id='line_1_19' title="bbox 269 3615 1354 3723; baseline 0.001 -23"><span class='ocrx_word' id='word_1_119' title='bbox 269 3625 319 3701; x_wconf 89' lang='lat' dir='ltr'>dit</span> <span class='ocrx_word' id='word_1_120' title='bbox 337 3627 380 3702; x_wconf 93' lang='lat' dir='ltr'>ad</span> <span class='ocrx_word' id='word_1_121' title='bbox 397 3630 544 3722; x_wconf 86' lang='lat' dir='ltr'>pentum,</span> <span class='ocrx_word' id='word_1_122' title='bbox 565 3629 679 3720; x_wconf 80' lang='lat' dir='ltr'>fratre,</span> <span class='ocrx_word' id='word_1_123' title='bbox 700 3627 859 3723; x_wconf 78' lang='lat' dir='ltr'>dogmatis,</span> <span class='ocrx_word' id='word_1_124' title='bbox 880 3615 1038 3704; x_wconf 86' lang='lat' dir='ltr'>affinibus</span> <span class='ocrx_word' id='word_1_125' title='bbox 1057 3629 1109 3718; x_wconf 87' lang='lat' dir='ltr'>et,</span> <span class='ocrx_word' id='word_1_126' title='bbox 1129 3626 1213 3719; x_wconf 88' lang='lat' dir='ltr'>qued</span> <span class='ocrx_word' id='word_1_127' title='bbox 1231 3626 1286 3701; x_wconf 87' lang='lat' dir='ltr'>his</span> <span class='ocrx_word' id='word_1_128' title='bbox 1353 3709 1354 3712; x_wconf 4' lang='grc' dir='ltr'><strong><em>Ν</em></strong></span> 
     </span>
    </p>
   </div>
   <div class='ocr_carea' id='block_1_3' title="bbox 0 0 1428 4526">
    <p class='ocr_par' dir='ltr' id='par_1_5' title="bbox 0 0 1428 4526">
     <span class='ocr_line' id='line_1_20' title="bbox 0 0 1428 4526; baseline 0 1"><span class='ocrx_word' id='word_1_129' title='bbox 0 0 1428 4526; x_wconf 95' lang='lat' dir='ltr'> </span> 
     </span>
    </p>
   </div>
  </div>
 </body>
</html>
