2846 4526
600 1163 653 1248 lv,

257 1307 431 1392 ῖῖθθῖθεῖ
450 1307 543 1391 liber
562 1307 604 1390 ῖθ
624 1306 698 1390 εῖῖιι
717 1305 834 1389 Terre
852 1303 1005 1388 Sarute.

197 1499 231 1573 1.
272 1497 341 1574 Ubi
360 1500 413 1572 θεῖ
431 1497 655 1587 Hierusalem,
673 1495 843 1589 provincie
856 1493 1039 1570 Palaestine
1056 1493 1137 1568 diei-

121 1635 194 1706 turz
224 1633 315 1704 terre
334 1629 480 1704 Cenaeu.
518 1631 599 1724 Ipse
617 1627 737 1702 eiuiteu
754 1630 870 1702 saneta
894 1626 931 1702 iu
948 1629 1059 1702 moute
1077 1649 1136 1702 ex·

122 1765 209 1838 eelse
227 1765 281 1836 θεῖ
298 1761 418 1854 posite.
452 1760 666 1834 Hierusalem
679 1761 783 1834 habet
800 1762 914 1853 portes
926 1761 1066 1854 rneJ‘ereu
1079 1782 1139 1838 sex

124 1897 222 1970 extre
239 1893 389 1989 postitie.
427 1895 530 1968 Portu
548 1893 726 1987 Beujemiu
744 1893 816 1967 exit
833 1893 877 1966 ad
895 1892 1084 1978 Jordanem.

197 2030 232 2102 2.
271 2030 313 2102 In
332 2026 438 2102 medio
456 2025 604 2102 civitatis
629 2029 682 2101 θεῖ
699 2026 850 2102 basilice.
888 2024 1035 2120 Aperte
1055 2026 1140 2102 oeri-

123 2162 233 2238 uentis
250 2161 360 2236 intres
377 2161 414 2235 in
433 2163 583 2236 sunctum
607 2160 897 2251 resurrectionem,
925 2159 984 2234 ubi
1009 2163 1061 2236 θεῖ
1086 2181 1139 2235 εθ-

123 2297 276 2389 pulcrum
290 2293 423 2368 Domini
440 2294 547 2368 uestri
569 2296 651 2370 Jeeu
669 2293 803 2368 Ghrisu'.
844 2294 889 2368 Εῖ
907 2296 961 2370 θεῖ
981 2292 1029 2368 ibi
1047 2315 1141 2368 ruens

125 2427 296 2518 calvarie,
316 2429 359 2504 ed
378 2450 477 2520 quem
495 2429 640 2502 ruentem
657 2449 718 2522 per
737 2427 862 2522 gradus
880 2426 976 2502 uallis
990 2429 1053 2504 θεῖ.
1087 2425 1142 2502 Ibi

75 2657 78 2664 ι
124 2561 286 2636 Dominus
304 2560 482 2636 erueifixue
501 2547 554 2636 θεῖ
585 2563 621 2635 θῖ
638 2559 686 2634 ibi
704 2562 757 2634 θεῖ
775 2562 884 2635 altere
904 2561 1049 2656 grande:
1078 2563 1141 2636 rub

124 2719 190 2770 urro
223 2697 311 2770 ῖθθῖθ
343 2697 407 2772 θεῖ.
465 2697 516 2770 De
543 2696 692 2790 sepulcro
717 2693 851 2768 Domini
876 2715 982 2788 usque
1007 2693 1042 2768 iu
1064 2694 1140 2768 Gel-

124 2828 225 2904 uuriae
242 2830 351 2903 leeum
369 2831 449 2903 suut
466 2849 589 2925 puseus
607 2850 744 2902 numeru
761 2829 838 2903 XV.
876 2829 918 2902 Irr
936 2829 1047 2902 munte
1066 2827 1141 2902 Oul-

125 2960 227 3034 ueriue
245 2961 417 3036 Abraham
441 2962 565 3036 obtulit
590 2961 700 3036 filium
724 2983 823 3036 uuum
846 2960 882 3034 iu
900 2962 1140 3050 holocaustum,

126 3096 161 3168 et
180 3093 259 3188 quie
276 3115 369 3168 mons
387 3097 531 3188 petreae
549 3098 621 3186 θεῖ,
649 3094 777 3188 inipso
795 3096 926 3187 monte,
947 3094 1010 3170 hoe
1028 3095 1082 3168 θεῖ
1099 3094 1156 3168 ed.

121 3224 245 3322 ‚pedem
269 3226 391 3302 urentis
416 3226 542 3322 ipsius,
569 3227 649 3302 feeit
672 3227 845 3302 Abraham
869 3229 988 3303 altare.
1034 3224 1142 3321 Super

127 3362 235 3435 eluere
253 3360 378 3435 eminet
395 3382 501 3436 ruens.
555 3439 556 3442 ,

200 3495 235 3568 3.
269 3495 315 3568 Εῖ
333 3492 523 3569 incircuitu
541 3493 662 3569 montis
681 3496 761 3569 suut
778 3491 917 3568 uaneelli
935 3493 976 3568 de
990 3494 1140 3590 urgente.

128 3627 173 3701 Εῖ
190 3626 238 3702 ibi
256 3631 309 3702 θεῖ
327 3649 419 3718 esee,
445 3626 537 3702 ubis
561 3627 588 3702 ’ῖ
605 3627 841 3719 resuscitatus,
869 3649 928 3721 per
953 3649 1051 3720 quem
1075 3627 1093 3701 f
1115 3627 1143 3701 ’ῖ
