2846 4526
1116 390 1153 452 19

210 589 245 662 (l.
265 589 312 662 X.
357 585 547 679 Statimque
570 583 697 662 oonoito
722 584 829 679 gradu
855 582 957 676 erepit
981 604 1041 676 por
1065 581 1154 656 niem

137 725 284 799 ueterem
302 741 459 815 pergere,
488 741 560 812 quae
579 718 672 792 duuit
691 717 816 792 Gutum
835 715 1080 810 adpetentium
1100 715 1154 790 uel
1206 709 1208 714 ’

138 853 358 944 diritiusDei,
374 856 409 928 et
419 852 797 942 tuoiiuseoumuoluere,
814 849 1154 944 quomodoeunnohns

137 982 1154 1083 ethiops,gentiumpopulosprsfigurons,muterentpeuen

139 1143 244 1212 susm,
264 1124 298 1194 ot
317 1122 394 1194 dum
410 1097 507 1194 uetus
524 1119 646 1214 relegit
662 1119 933 1208 instrumentum,
956 1117 1082 1190 fontem
1100 1139 1153 1190 re·

140 1253 228 1349 perit
245 1243 439 1350 Evangelii,
468 1256 569 1346 etque
586 1253 663 1326 inde
683 1252 725 1326 ud
748 1252 919 1326 dexterum
936 1249 1084 1324 trsnsiit.
1122 1248 1154 1334 A

138 1389 286 1462 Bothum
305 1387 397 1462 uenit
416 1387 530 1478 Esool,
555 1408 627 1480 quoe
651 1386 688 1459 in
706 1387 839 1459 botrum
857 1385 1010 1474 uertitur
1056 1384 1155 1459 Unde

136 1521 174 1624 in
198 1521 425 1596 testimouium
450 1523 546 1594 terroe
570 1519 785 1593 fertilissimus
809 1520 844 1602 et
867 1517 903 1592 in
928 1521 1045 1612 typum
1069 1521 1153 1612 ejus,

137 1654 195 1750 qui
213 1655 310 1728 dioit:
345 1654 508 1726 Toruolor
525 1653 655 1726 comunt
673 1653 780 1740 solos,
806 1654 897 1724 etde
911 1653 1068 1744 poeotes
1086 1676 1156 1726 eoo

139 1795 187 1860 est
205 1789 262 1860 oio
282 1809 431 1874 merom,
457 1785 683 1878 exploratores
709 1786 840 1858 botrum
864 1784 956 1857 mirus
982 1785 1114 1880 magnit
1139 1823 1153 1837 ·

140 1919 227 1993 dinis
246 1921 474 2014 portaverunt.
1098 1993 1099 1996 ,

210 2054 245 2128 G.
267 2055 331 2127 XI.
376 2028 451 2127 'Neo
476 2055 552 2148 post
575 2053 712 2146 lengum
737 2052 884 2146 spatium
904 2051 1046 2126 intrauit
1065 2049 1155 2126 Sume

135 2188 291 2276 sellulas,
311 2186 427 2260 uidens
445 2186 649 2260 ineuunb‘uls
667 2187 764 2260 Issus
790 2188 825 2260 et
843 2185 987 2280 vestigio
1013 2207 1155 2278 quereus

139 2319 329 2410 Abrohom,
357 2321 419 2393 sub
439 2341 505 2412 qus
522 2317 608 2392 vidit
625 2319 712 2393 diem
732 2318 856 2400 Christi
874 2322 909 2394 et
934 2321 1068 2393 laetutus
1089 2320 1152 2392 est.

139 2451 254 2546 Atque
280 2453 356 2526 inde
385 2474 586 2547 consurgens
613 2453 764 2528 aseendit
789 2437 938 2526 Hebron.
988 2454 1082 2526 Haeo·
1103 2453 1156 2526 ost

140 2585 369 2676 Geriathorbe,
379 2585 415 2658 id
425 2587 476 2659 est
490 2586 645 2680 oppidum
654 2586 797 2660 uirorum
807 2589 959 2680 quotuor,
970 2585 1153 2676 Abrohom,

138 2721 245 2810 Isaeo,
261 2721 363 2794 Jsoob
378 2719 530 2796 etAdem
543 2719 670 2816 magni,
687 2741 785 2812 quem
797 2719 845 2793 ibi
860 2719 1037 2810 eonditum,
1054 2722 1156 2812 iuxtu

137 2852 261 2926 libmm
286 2854 369 2928 lesu
390 2854 504 2944 Nure,
531 2853 653 2927 hebraei
679 2855 875 2942 autument,
900 2853 981 2928 lieet
1005 2853 1156 2946 plerique

141 2985 241 3060 Ouleb
260 2989 418 3077 quartum
436 2989 577 3080 putent
589 2989 684 3079 eujus
704 3008 746 3059 ex
763 2988 870 3060 lutere
888 2961 1044 3062 memoris
1062 3006 1155 3068 mon-

139 3119 278 3192 stretur.
308 3117 373 3192 His
382 3117 554 3212 inspeetis,
569 3119 677 3193 noluit
686 3139 822 3214 pergere
836 3119 1155 3212 edGuriuthsephor,

140 3251 246 3327 idest
265 3251 411 3326 uitulum
429 3251 638 3360 litterarum,
658 3252 755 3346 quis,
778 3255 989 3327 centemnens
1007 3251 1155 3326 ooeideu-

140 3388 210 3460 tem
227 3383 390 3476 littorum,
410 3388 579 3480 repererat
597 3385 751 3480 spiritum
765 3385 999 3460 ririfioentem.
1029 3384 1155 3480 Megis-

140 3541 205 3612 que
233 3517 417 3594 mirebetur
443 3519 628 3614 superiores
654 3521 689 3592 ot
715 3518 883 3592 irrieriores
916 3539 1038 3610 equus,
1072 3541 1155 3612 quus

143 3651 315 3743 Othoniel,
335 3651 433 3740 ¹iilius
452 3653 603 3747 Jephone
622 3653 744 3743 Gener,
767 3674 826 3745 pro
850 3650 991 3726 sustruli
1009 3655 1097 3727 terre
1122 3655 1157 3726 et

282 3785 283 3790 i
935 3774 978 3838 2*
