2822 4526
211 385 345 470 mo

253 571 372 638 stenken,
392 587 447 626 uss
465 570 526 624 sinn
543 569 601 624 hut.
629 568 692 639 Vgl.
711 567 788 624 callis
806 569 835 622 in
849 568 1032 638 Siloahquelle
1050 568 1105 624 und
1118 567 1196 624 Oelb.
1210 569 1272 624 177.

252 669 302 725 Bei
315 668 450 724 Antonius
461 669 569 738 Martyr
581 665 682 736 (XIX):
702 665 746 720 Ab
764 659 818 724 unu
835 669 913 736 purte
925 664 1080 722 ostenditur
1098 683 1146 737 per
1161 667 1272 737 gindus.

253 797 287 807 —
305 769 355 823 ibi
367 810 374 823 .
388 809 395 824 .
408 769 557 835 crucifixus
575 763 625 834 est]
644 765 675 831 P,
694 765 733 820 ibi
751 765 882 819 Dominus
900 764 980 822 Jesus
998 781 1020 820 e.
1040 781 1063 820 e.
1082 763 1107 822 G
1124 765 1183 831 100,
1203 765 1274 820 auch

253 868 363 924 iihnlioh
383 867 443 921 102.
464 895 497 903 -
515 865 564 920 Toe'
583 905 589 918 .
609 904 616 918 .
635 863 749 934 urende]
769 863 883 918 altarius
908 863 1019 934 grundis
1038 861 1070 918 G.
1090 893 1124 901 -
1143 865 1192 920 sub
1217 879 1275 920 uuo

252 972 319 1023 teoto
332 963 381 1032 est]
395 963 426 1018 P.
438 992 471 1000 -
481 965 566 1033 usone
577 961 619 1031 e‘u]
635 959 789 1030 (caluariae
800 961 870 1031 loeo)
883 959 915 1027 G,
934 961 1003 1016 ohne
1015 963 1046 1018 im
1056 961 1080 1016 P
1084 984 1092 1028 ;
1112 961 1137 1016 A
1149 962 1276 1032 passione

252 1063 371 1128 Domini,
391 1062 500 1132 quiesi
518 1059 649 1116 Oalvsriae
667 1061 750 1125 loeus,
770 1076 854 1130 usque
872 1059 908 1114 ad
927 1059 1098 1130 sepulchrum
1116 1059 1226 1114 Domini
1242 1059 1275 1114 L.

254 1191 288 1200 -
299 1175 401 1232 possus
418 1175 529 1216 numero
543 1158 618 1228 ΧΠ
633 1157 712 1214 GPL.
734 1157 889 1212 Antoninus
900 1158 936 1212 M.
950 1157 1040 1214 rihlte
1052 1157 1153 1212 LXXX
1165 1173 1276 1228 gressus

254 1259 319 1314 oder
336 1275 444 1328 passum
463 1255 560 1312 eudem
578 1256 652 1314 beim
670 1257 759 1327 pilger
778 1273 831 1310 von
848 1256 991 1312 Bordesnx
1009 1255 1094 1324 (VH).
1118 1255 1181 1326 Vgl.
1200 1255 1276 1310 mein

255 1355 394 1427 Golgoths
409 1354 456 1410 28.
476 1384 510 1396 -
529 1355 568 1412 In
584 1361 674 1422 moute
686 1396 692 1409 .
706 1396 713 1410 .
727 1353 882 1424 Abraham]
896 1353 929 1420 G,
948 1353 1013 1414 aber
1030 1355 1083 1410 mit
1100 1354 1277 1424 weglnssung

255 1453 302 1510 des
320 1453 459 1510 wirtleins
477 1453 517 1509 ibi
535 1469 583 1508 vor
595 1451 741 1508 Abraham.
768 1451 801 1507 In
820 1455 904 1508 etwas
923 1451 1034 1507 anderrn
1052 1453 1168 1506 kontext
1184 1451 1225 1507 ibi
1243 1451 1276 1506 P.
1400 1483 1401 1532 }

255 1581 288 1592 -
307 1554 338 1608 e'u
356 1551 553 1621 tenesmum]
568 1549 600 1616 G,
621 1551 689 1606 ohne
707 1552 738 1607 im
750 1551 781 1606 P.
808 1550 835 1606 S.
848 1549 945 1606 Genes.
959 1549 1001 1615 22,
1015 1551 1033 1604 2
1048 1549 1202 1620 (Vulgata),
1222 1548 1278 1605 den
1400 1545 1401 1610 t

254 1649 533 1720 bordesuxer-pilger
558 1649 589 1704 II
612 1648 668 1704 und
692 1665 764 1704 snm.
785 1677 818 1688 -
836 1647 968 1719 petrem]
989 1649 1020 1713 P,
1045 1648 1168 1717 petrinus
1187 1647 1220 1704 G.
1241 1677 1277 1688 -

253 1749 349 1820 pedem
372 1748 483 1819 montis]
503 1749 534 1814 P,
559 1747 642 1819 pedes
666 1764 702 1802 m.
722 1747 755 1803 G.
774 1775 809 1787 -
833 1747 932 1817 altare]
953 1745 978 1803 G
1003 1745 1079 1816 (uber
1097 1745 1278 1817 Habrsham),

256 1847 354 1902 altario
372 1846 403 1902 P.
440 1845 574 1919 Aehnlioh
598 1845 718 1902 schreibt
742 1843 895 1900 Antoninus
915 1845 998 1900 Mart.
1018 1843 1106 1914 (XIX)
1120 1844 1198 1900 -iber
1223 1843 1278 1900 den

256 1945 329 2002 ultor
347 1944 507 2001 Abrehsms.
532 1944 678 2015 Hiugegen
695 1945 814 2000 versetzt
832 1942 929 2015 Arenlf
944 1943 981 2012 (1,
1001 1943 1029 2012 7)
1048 1941 1092 1998 die
1111 1941 1278 2014 opferstitte

256 2041 388 2102 suisehen
400 2042 445 2098 die
457 2041 650 2114 grabrotunde‚
670 2041 714 2098 die
727 2041 957 2112 Golgothukirohe
969 2041 1026 2096 und
1041 2040 1085 2097 die
1097 2041 1188 2097 kirehe
1201 2041 1277 2097 Kon-

242 2139 384 2196 stantins.
404 2169 438 2179 -
457 2139 550 2212 Super
562 2181 569 2196 .
581 2128 590 2195 ’.
603 2140 690 2210 rmus]
710 2139 770 2195 Nur
787 2125 873 2206 Pseu
891 2155 971 2210 quem
990 2143 1042 2195 ete.
1164 2215 1165 2218 Ἴ

329 2239 354 2293 3.
379 2239 405 2294 3.
418 2237 475 2293 und
486 2239 512 2293 4.
524 2236 616 2292 finden
634 2237 692 2293 sich
703 2253 755 2292 nur
766 2217 811 2294 bei
824 2237 849 2294 G
862 2238 912 2292 101
927 2237 956 2304 f,
975 2253 1066 2294 ausser
1077 2236 1139 2293 dem
1151 2237 1278 2308 wenigen

256 2335 341 2393 bei'P
362 2337 426 2392 109:
454 2335 485 2390 in
503 2335 671 2407 Golgothsm
685 2377 691 2392 .
705 2377 712 2392 .
724 2335 772 2392 ubi
791 2351 856 2392 orux
872 2335 983 2391 Domini
1006 2337 1119 2391 inventu
1139 2339 1192 2402 est,
1219 2335 1278 2391 und

256 2433 301 2491 bei
319 2433 343 2490 L
361 2433 427 2490 242:
450 2431 500 2490 'Ibi
517 2450 582 2490 erun
600 2434 710 2490 Domini
728 2435 840 2490 inventu
858 2437 914 2500 est,
939 2435 987 2490 ubi
1005 2434 1142 2506 Golgotha
1167 2433 1277 2490 dieitur.

256 2532 308 2588 Die
326 2532 386 2588 hier
398 2535 533 2588 versetzts
551 2533 631 2588 stelle
644 2531 787 2589 Glsutet:
806 2532 840 2588 In
856 2531 946 2588 medio
958 2533 1081 2589 ciuitatis
1099 2535 1142 2588 est
1153 2531 1278 2601 basilios,

257 2630 397 2688 oubieulns
414 2631 463 2686 ubi
479 2630 571 2701 posita
589 2632 632 2685 est
650 2643 714 2685 erun
726 2631 836 2686 Domini
853 2632 941 2686 nostri
959 2631 982 2686 Ι.
995 2630 1025 2687 Ο.
1052 2631 1152 2686 Postea
1169 2631 1278 2686 intrans
1400 2617 1401 2624 ἵ

100 2785 104 2792 ,
207 2739 209 2744 ’
255 2729 285 2784 in
303 2727 417 2785 basilios
435 2727 475 2784 ibi
491 2729 603 2783 inuento
622 2729 679 2783 tres
696 2744 788 2784 eruces
806 2729 991 2795 absconditus,
1017 2731 1046 2784 et
1064 2729 1125 2810 erat
1146 2710 1187 2784 ibi
1205 2729 1278 2784 ulta·

256 2827 314 2882 rius
327 2866 334 2882 .
348 2866 355 2881 .
367 2843 461 2882 aureas
475 2827 521 2898 qui
533 2825 674 2882 sustinuut
684 2825 765 2882 illum
777 2826 904 2894 ultorem
923 2829 953 2882 et
968 2829 1010 2882 est
1022 2827 1052 2882 in
1063 2827 1153 2883 media
1163 2825 1222 2883 bas.
1235 2868 1242 2883 .
1257 2851 1278 2895 .;

257 2927 287 2980 et
305 2923 403 2982 deinde
414 2925 451 2980 'iu
469 2923 609 2996 Golgoths
627 2925 732 2980 intrans
745 2965 752 2980 .
765 2924 819 2980 ,Et
838 2927 881 2980 est
899 2923 939 2981 ibi
956 2925 1057 2980 montis
1069 2923 1210 2981 Gulusriae
1228 2925 1279 2982 ubi

257 3023 398 3080 uuoifims
415 3023 547 3078 Dominus
564 3021 619 3078 furt
638 3021 700 3093 (wie
717 3023 780 3094 kup.
792 3023 822 3094 2)
831 3045 839 3090 ;
858 3021 895 3078 Et
912 3024 941 3078 in
959 3024 1074 3079 eirouitu
1092 3023 1192 3079 montis
1212 3027 1280 3080 sunt

257 3122 375 3179 oaneelle
388 3163 394 3178 .
409 3163 415 3177 .
429 3139 490 3181 esee
501 3163 509 3178 .
522 3163 529 3179 .
542 3122 598 3179 fuit
614 3123 811 3194 persuseitstus
824 3164 831 3179 .
845 3164 852 3178 .
866 3123 1011 3190 declarate,
1031 3125 1060 3204 et
1078 3124 1138 3194 ipss
1150 3140 1214 3180 emx
1232 3126 1278 3180 est
1400 3117 1401 3120 ’

258 3219 291 3276 (le
304 3236 368 3276 auro
386 3223 416 3276 et
427 3237 549 3292 gemmus
562 3263 569 3277 .
583 3261 590 3278 .
603 3223 646 3277 est
662 3222 710 3276 ille
722 3221 864 3278 missurius
876 3219 1049 3290 (missorium,
1067 3222 1157 3290 teller,
1175 3222 1278 3294 pluite,

257 3318 301 3374 fir
325 3317 414 3374 disous
438 3320 468 3374 iu
493 3319 540 3376 der
558 3319 702 3391 Vulgata),
727 3319 776 3376 ubi
799 3322 945 3390 portatus.
959 3361 965 3376 .
979 3337 1060 3376 eoruu
1077 3321 1138 3390 ille,
1160 3321 1252 3379 unde.
1270 3364 1277 3378 .

257 3417 408 3488 plasmatus
426 3420 469 3473 est
487 3417 576 3474 Adam
597 3420 635 3485 et,
647 3418 749 3474 ibidem
773 3419 913 3474 emeifixus
936 3421 979 3475 est
996 3419 1030 3476 D.
1049 3421 1152 3486 nostem
1181 3419 1219 3476 Et
1236 3419 1278 3478 ibi

258 3517 301 3568 est
319 3514 433 3570 ulterius
452 3515 571 3586 grundis,
591 3518 620 3572 et
637 3533 654 3572 s
672 3519 750 3588 purte
769 3517 907 3574 oooidents
925 3519 1031 3573 intrans
1049 3518 1078 3572 in
1096 3519 1219 3573 sanetum
1233 3535 1278 3574 re·

259 3613 460 3680 surrectionem,
479 3614 527 3671 ubi
546 3615 589 3672 est
606 3613 777 3686 sepulchrum
795 3615 829 3672 D.
860 3615 916 3671 Der
933 3614 1150 3687 gedankengeng
1167 3615 1206 3671 ist
1224 3615 1277 3672 iol·

259 3707 372 3781 gender:
390 3710 456 3768 Mon
467 3712 573 3769 kommt
584 3715 675 3770 euerst
687 3714 716 3768 in
734 3713 779 3770 die
791 3713 897 3786 kepelle
909 3713 962 3770 mit
980 3711 1042 3771 dem
1053 3713 1150 3770 kreurs
1162 3712 1277 3772 Christi.
1308 3769 1323 3778 ,
