2846 4526
1097 364 1137 428 25

124 560 284 650 asabias,
315 559 505 652 sepulerum
533 557 699 650 quondam
725 556 880 632 miahaeae
906 556 1078 650 propheta
1105 558 1140 632 et

124 717 212 769 nune
230 692 414 768 eeulesian.
461 691 507 766 El
524 713 568 766 ex
589 691 693 766 labere
711 689 940 784 derelinquam
961 689 1140 778 Gborrrues

124 829 159 902 ab
179 826 350 916 Gelas,
367 826 527 915 Maesa,
553 825 750 898 Idumaeam
774 826 809 897 ei
827 823 966 898 Lauinis
1011 821 1057 896 at
1082 841 1141 916 per

126 981 244 1036 arenas
269 957 482 1034 mollissimas
507 956 717 1052 pergentium
735 955 880 1052 vestigia
905 955 1141 1030 subtrahentes

124 1093 294 1186 mumque
307 1091 407 1168 eremi
421 1091 616 1166 uastitatem
630 1089 761 1166 reniam
775 1089 818 1164 ad
826 1088 975 1184 Aegypti
991 1091 1141 1184 flaviana

125 1227 217 1316 sar,
237 1224 297 1320 qni
313 1224 553 1318 interpretatur
570 1223 744 1314 turbidus,
770 1225 805 1298 ab
828 1223 976 1316 quinque
992 1222 1141 1318 Aegypti

124 1362 290 1434 transeam
308 1357 473 1449 civitates,
494 1380 568 1452 qua
586 1357 769 1450 loquuntur
781 1355 900 1451 lingna
913 1355 1137 1447 chananitide,

123 1495 158 1568 el
182 1495 306 1570 barrem
326 1493 455 1567 Genaua
481 1494 516 1566 'eb
541 1512 672 1584 eampes
690 1493 825 1581 laneos,
852 1488 1034 1582 inquibus
1058 1488 1139 1564 feeit

123 1630 213 1702 Deus
232 1624 411 1715 mirabilia,
431 1627 466 1698 et
484 1627 600 1697 urbem
614 1624 677 1713 Nu,
699 1646 772 1716 quae
790 1625 906 1717 pnsiea
924 1644 1019 1698 versa
1037 1621 1142 1698 estin

123 1759 390 1848 manualem,
418 1759 453 1832 et
479 1755 634 1850 oppidum
656 1755 788 1830 Domini
813 1757 987 1846 Nitriam,
1014 1755 1050 1830 iu
1078 1777 1142 1849 quo

124 1890 474 1989 purissimouirbubum
483 1889 691 1964 nitrosordes
704 1891 861 1964 lavantur
875 1888 1021 1983 quetidie
1034 1888 1141 1982 pluri·

124 2047 261 2102 morum.
302 2023 395 2120 Quod
422 2023 700 2118 quum-vidisses,
727 2027 915 2098 emmrenbe
937 2021 1015 2097 sibi·
1029 2023 1143 2098 sanein
1274 2009 1277 2015 ’

124 2163 159 2234 eb
176 2159 358 2234 venerabili
384 2158 532 2254 episeopo
550 2157 675 2232 Isidoro
700 2159 883 2232 eenfessere
909 2160 944 2232 ab
962 2157 1071 2232 turbis
1088 2155 1141 2262 in·¹
1268 2164 1279 2182 “

124 2291 388 2366 numerabilibus
407 2293 656 2382 monachorum,
683 2313 726 2365 ex
753 2291 873 2385 quibus
892 2293 1015 2364 mulius
1034 2311 1142 2365 saser-

126 2407 247 2498 debalis
266 2427 301 2515 ab
318 2424 472 2499 leviticus
492 2425 696 2499 sublimabat
714 2425 850 2520 medus,
870 2427 1048 2500 labebatur
1067 2423 1141 2517 qni-

126 2559 200 2632 dem
219 2559 261 2632 ud
280 2558 421 2653 gloriam
435 2557 579 2648 Domini,
601 2559 655 2632 sed
673 2581 708 2632 se
722 2558 894 2654 indignam
909 2560 1004 2632 tanto
1020 2559 1142 2632 honere
1182 2575 1186 2581 ·

125 2691 306 2768 fatebatur.
347 2684 433 2786 Quid
451 2714 528 2787 ergo
546 2713 676 2766 narrem
694 2691 871 2782 Macarius,
891 2690 1061 2783 Arsanias,
1081 2689 1141 2768 Se·

125 2825 277 2919 rapiemus
297 2829 332 2900 eb
345 2825 476 2918 reliqua
489 2826 716 2898 enlnmnerum
730 2823 855 2898 emisti
869 2824 1021 2899 neminal
1041 2825 1141 2918 Cujus

127 2979 193 3032 nen
210 2957 350 3032 intravit
368 2959 542 3032 sellulaml
569 2931 725 3051 Quorum
739 2941 878 3050 pedibus
903 2979 967 3032 uon
986 2959 1143 3032 advoluta

126 3091 197 3166 esbl
214 3091 279 3164 Per
297 3089 446 3183 singulos
465 3091 596 3188 sanctos
611 3089 780 3164 Christum
799 3112 834 3164 se
848 3089 958 3164 ridere
977 3091 1141 3179 eradebat,
1291 3101 1294 3108 ⁴

128 3228 163 3298 ab
181 3222 343 3316 quidquid
359 3223 396 3296 in
413 3221 490 3296 illos
510 3223 705 3314 eenbulerat,
725 3222 761 3296 in
774 3223 951 3298 Dominum
972 3244 1007 3296 se
1025 3223 1102 3296 neni
1128 3261 1142 3274 ·

127 3357 208 3431 lisse
222 3357 410 3437 laeiababur.
438 3354 542 3429 Mirus
557 3355 652 3430 ardor
666 3357 700 3430 ab
714 3354 821 3430 uixin
839 3355 964 3430 femina
974 3353 1142 3430 eredibilia

127 3489 299 3564 fortitudo:
328 3489 432 3564 oblita
458 3511 559 3602 senus
585 3492 620 3565 eb
645 3489 847 3584 fragilitatis
874 3511 1034 3584 corporea
1054 3489 1143 3566 inter

127 3626 178 3697 iub
196 3623 304 3697 millia
329 3624 559 3698 menaeherum
584 3645 658 3698 eum
676 3623 798 3716 puellis
824 3623 894 3697 suis
914 3621 1065 3698 habitare
1084 3644 1161 3696 eu.
1276 3693 1279 3700 .
