2846 4526
1111 367 1149 432 21

135 557 487 652 sepulcrmalioaoot:
506 555 619 630 Maria
629 557 808 630 etllarthe
818 555 903 632 uidit
912 557 1105 651 hospitium,
1117 561 1153 634 et
1218 576 1220 580 ·

135 691 338 784 Bellpcbope,
355 690 471 782 uillam
485 688 738 778 sacerdotalium
752 689 964 766 maxillarum
983 694 1017 786 θῖ
1031 693 1150 788 locum,

135 825 173 898 in
198 805 262 917 quo
286 823 400 918 pullus
423 821 600 905 lasciviens
625 822 777 920 gentium
797 823 861 898 Dei
886 807 981 900 frena
1006 823 1153 920 suscepit

136 957 423 1051 apostolorumque
440 932 569 1034 enatus
587 958 736 1038 vestibus
760 957 874 1032 mollia
893 961 993 1052 ¹terga
1010 958 1153 1054 prebuit

136 1091 180 1166 ad
197 1090 386 1168 sedendum.

210 1225 243 1300 b.
265 1225 365 1300 ΧΙῖῖ.Ι
408 1226 579 1317 Reotoque
603 1224 724 1300 itinere
745 1225 965 1324 descendebat
982 1224 1152 1316 Hiericho,

136 1359 322 1454 recogitans
347 1357 445 1432 illum
469 1358 509 1434 de
528 1359 711 1453 Evangelio
730 1359 940 1432 unlneratum
959 1381 1016 1448 ao,
1043 1381 1152 1434 sacer·
1278 1348 1281 1353 ’

130 1488 268 1570 'maon
287 1495 322 1566 et
333 1491 451 1569 tevins
468 1491 592 1571 mentis
611 1492 748 1566 feritate·
764 1469 1060 1585 pretereuntibus,
1085 1493 1152 1567 ole-

136 1627 297 1700 mentiam
316 1625 550 1714 samaritani
568 1624 793 1714 estorntodis,
814 1625 876 1718 qui
886 1625 1081 1700 seminecem
1095 1647 1153 1713 suo
1226 1609 1228 1614 ¹

132 1760 283 1850 jmnento
308 1756 498 1854 impositum
525 1757 567 1830 ad
593 1759 763 1837 stabulum
787 1758 931 1834 ecelesia
949 1758 1151 1852 deportavit:
1209 1827 1211 1834 .

137 1893 173 1964 et
187 1891 294 1964 locum
303 1889 476 1981 Aolomtm,
488 1891 577 1984 *quod
591 1867 833 1986 interpretatur
846 1891 1060 1986 sanguinum,
1075 1891 1154 1984 quia

134 2022 316 2116 multnsin
335 2046 372 2118 eo
390 2023 530 2119 sangnis
549 2023 672 2098 crebris
697 2026 863 2130 latronum
882 2024 1083 2099 fundebatur
1100 2023 1153 2098 in·

136 2148 302 2232 cursibus:
330 2161 364 2232 θῖ
383 2160 531 2232 arborem
550 2179 752 2266 sycomorum
770 2158 926 2248 Zachaei,
946 2158 981 2232 id
999 2160 1051 2232 θεῖ
1068 2161 1154 2232 bona

134 2290 345 2384 vpoenitentiae
365 2313 475 2384 opera,
494 2291 615 2384 quibus
633 2294 776 2398 cruenta
787 2293 911 2366 dudum
929 2295 963 2366 et
981 2292 1081 2367 noxia
1094 2314 1152 2366 ra·

137 2422 227 2516 pinis
242 2428 384 2516 peecata
409 2426 561 2498 calcabat
584 2427 814 2518 excelsumque
832 2426 1009 2500 Dominum
1034 2427 1075 2500 de
1093 2447 1152 2500 ex·

137 2557 396 2632 oelsovirtutum
410 2559 621 2634 intuebatur:
640 2561 699 2652 otj
749 2561 785 2633 ta
794 2559 882 2635 uiam
896 2581 1056 2636 caecorum
1069 2561 1152 2648 loca,
1256 2543 1258 2546 ⁵

136 2690 213 2784 qui,
232 2691 375 2786 receptis
392 2673 593 2784 luminibus,
615 2692 789 2786 utriusque
807 2687 920 2786 populi
938 2695 1100 2768 credentis
1117 2693 1154 2766 in
1201 2708 1203 2714 ’

136 2823 314 2931 Dominum
328 2829 534 2924 sacramenta
547 2817 789 2919 premiserant.
817 2828 973 2922 ingressa
987 2828 1154 2924 Hiericho

138 2957 222 3032 uidit
248 2961 381 3048 urbem,
410 2981 509 3051 quam
528 2957 682 3062 fundarit
699 2958 779 3032 Hiel
797 2959 833 3032 in
850 2959 1007 3050 Abilam,
1032 2959 1153 3052 primo·

137 3090 251 3186 genito
270 3113 339 3180 sno,
360 3095 394 3166 θῖ
412 3094 505 3184 cujns
523 3095 634 3186 portae
652 3092 764 3186 posuit
782 3093 818 3165 in
836 3091 958 3186 Segub,
979 3091 1155 3179 nouissimo

130 3203 292 3298 vliliorum.
323 3224 452 3299 Intuita
471 3228 523 3300 est
536 3228 645 3300 casua
662 3225 825 3329 Golpolce
844 3229 878 3300 et
895 3247 1046 3300 aceruum
1065 3245 1153 3318 prae·

137 3358 304 3452 potiorum
318 3361 353 3432 et
368 3357 519 3432 secunda
534 3357 787 3438 circumcisionis
800 3357 1005 3453 mysterium,
1025 3360 1060 3432 θῖ
1074 3358 1154 3432 dno·
1194 3447 1197 3452 ¹
1241 3419 1243 3422 .
1384 3381 1387 3385 ·

137 3491 243 3566 decim
268 3491 414 3586 lapides,
444 3492 520 3584 qui,
547 3489 588 3572 de
607 3491 760 3567 lordonis
778 3492 860 3566 illue
878 3489 1035 3568 translati
1048 3492 1153 3584 alveo,

14 3693 18 3699 .
137 3625 308 3718 duodecim
341 3627 560 3720 apostolorum
597 3625 813 3700 fundamenta
849 3625 1080 3738 firmaverant,
1120 3627 1156 3709 et
