2846 4526
301 365 341 426 30

181 651 184 658 1
298 558 333 632 ot
350 558 433 632 XX.
452 556 564 651 lapide
582 559 625 632 ab
639 555 737 630 Aelia
755 559 947 650 separatur:
967 557 1037 651 qai,
1056 556 1202 651 primum
1220 582 1333 633 maro

301 691 497 774 Tiberiadis
523 689 675 766 ineaoana
701 693 803 784 atque
828 713 872 766 ex
899 691 961 764 hoo
986 713 1181 786 emergens,
1210 691 1330 787 largis

297 822 416 898 deinde
435 845 473 897 ae
490 823 631 918 placidis
649 823 830 900 fluentibus
850 823 948 918 aquis
965 823 1002 898 in
1020 847 1115 898 mare
1132 825 1329 900 Mortuum

300 956 470 1032 eonditor:
494 958 580 1050 quod
598 979 688 1032 mare
702 956 931 1051 Hierosolyma
949 944 1071 1053 uiginti
1089 957 1223 1033 oiroiter¹
1238 957 1327 1032 mil·

297 1089 386 1164 libus
403 1089 551 1184 respicit.
586 1090 739 1165 Jordanis
757 1091 830 1166 ideo
847 1090 957 1166 dabre
975 1093 1038 1182 est,
1059 1092 1145 1184 quod
1163 1093 1226 1166 duo
1241 1092 1325 1166 fon-

297 1225 351 1298 tes
368 1223 404 1297 in
422 1247 526 1298 unum
545 1224 722 1316 oonfluant,
743 1246 882 1318 quorum
900 1225 987 1299 alter
1001 1223 1123 1300 dieitur
1135 1227 1210 1316 Jor,
1228 1227 1327 1300 alter

297 1356 600 1452 Doa'appellatur.
1166 1369 1168 1374 “
1395 1429 1396 1440 2

373 1491 533 1580 Oiabroa
552 1490 671 1566 oiritae
690 1491 854 1585 quondam
872 1490 1062 1588 gigantum,
1082 1491 1192 1586 lapide
1210 1492 1326 1568 ferme

297 1624 417 1698 XXII.
438 1625 481 1698 ab
500 1624 713 1699 Hierusalem
736 1625 779 1698 ad
801 1623 1020 1700 meridianam
1038 1626 1174 1720 plagam
1196 1625 1322 1702 distat.

297 1758 388 1832 Mare
406 1758 567 1852 Magnum
586 1779 750 1850 nusquam
769 1757 910 1834 rieinius
929 1781 1029 1852 quam
1050 1761 1149 1852 juxta
1166 1761 1325 1854 Joppem

297 1889 465 1984 oppidum,
487 1891 575 1984 quod
588 1893 653 1965 XL
668 1894 711 1965 ab
729 1914 768 1966 ea
786 1891 822 1964 in
835 1913 985 1966 ooeasum
998 1892 1150 1967 astirum
1164 1893 1322 1969 millibus

297 2026 403 2099 abest.
1158 2027 1160 2031 ’

368 2156 555 2252 Longitudo
582 2159 679 2232 terra
707 2179 727 2233 a
753 2158 828 2230 Dan
856 2179 961 2250 usqne
985 2159 1151 2233 Bersabee
1177 2161 1320 2252 proten-

297 2289 407 2382 ditur,
441 2292 484 2364 ab
516 2289 704 2383 aquilonari
736 2291 839 2386 plaga
870 2291 914 2364 ad
944 2290 1115 2366 meridiem
1142 2292 1316 2386 produota.

296 2423 381 2498 Duo
398 2445 527 2516 quoque
543 2422 636 2498 uious
654 2423 795 2520 exiguus
814 2427 866 2500 est
883 2423 919 2498 in
938 2424 1160 2500 exterioribus
1175 2427 1316 2519 iudaea,

297 2579 370 2650 qna
396 2555 689 2650 septentrionalem
712 2559 848 2654 plagam
874 2560 1067 2649 mutuetur,
1094 2559 1130 2632 in
1152 2562 1316 2652 quartos

241 2774 244 2780 ¹
295 2689 450 2764 Paneade
464 2689 620 2765 milliario
633 2691 759 2784 Tyrum
772 2691 988 2786 pergentibus
1004 2747 1034 2766 ..
1052 2692 1215 2768 (laterum
1228 2695 1319 2768 Ber·

296 2824 400 2914 sabae,
419 2826 459 2896 ut
477 2844 577 2917 supra
595 2822 752 2916 diximus,
772 2825 815 2898 ad
833 2826 985 2898 austrum
999 2845 1140 2921 vergens
1154 2824 1247 2901 rious
1262 2835 1320 2906 aet

295 2954 464 3030 maximus
482 2957 554 3030 XX
572 2979 592 3032 a
612 2956 762 3033 Ohebron
781 2957 941 3032 millibus.
