2822 4526
1108 362 1144 422 al

127 547 246 631 erlolg‚
274 547 430 632 dringand
452 546 515 626 ein,
540 547 611 612 dass
635 547 680 612 sie
703 546 769 614 sich
792 566 830 612 zu
850 547 944 614 ihnen
963 547 1080 632 geselle
1096 546 1148 631 (ut

10 685 12 764 ὲ
127 662 317 730 Marcellam
332 665 471 728 nostram
487 661 578 728 nobis
594 663 732 748 reddas),
757 662 821 728 und
843 663 953 728 lehren
973 664 1055 728 dann
1069 664 1146 736 fort:

10 833 12 858 ᾗ
128 779 154 846 0
172 779 296 862 quando
312 778 530 860 illudtempus
550 779 708 859 adveniet,
733 797 828 862 quum
851 778 979 844 anhelus
1001 779 1148 844 nuntium

126 895 231 959 viator
247 894 408 976 apportet,
436 892 618 958 Marcellam
633 895 772 958 nostram
796 893 836 958 ad
852 893 1028 959 Palaestinae
1055 894 1147 960 littus

127 1009 299 1094 appulsam,
312 1009 343 1074 et
355 1007 417 1073 toti
427 1009 646 1074 monachorum
658 1007 754 1088 chori,
768 1010 837 1074 tota
848 1009 1008 1092 virginum
1020 1008 1148 1094 agmina

128 1125 378 1208 concrepabunt?
395 1123 529 1190 Obviam
541 1123 673 1208 jamjam
684 1123 836 1208 gestimus
852 1143 1010 1190 occurrere
1027 1126 1068 1207 et,
1085 1143 1151 1190 non

128 1242 307 1324 exspectato
321 1239 472 1318 vehiculo,
490 1239 648 1307 concitum
660 1239 791 1323 pedibus
804 1241 882 1306 ferre
898 1259 1018 1324 corpus.
1047 1241 1148 1326 Tene7
1264 1334 1266 1339 ,

126 1357 233 1424 bimus
250 1375 375 1437 manus,
393 1374 447 1420 ora
463 1349 622 1422 cernemus
638 1356 670 1422 et
685 1375 703 1420 a
718 1355 892 1422 desiderato
909 1357 960 1422 vix
975 1357 1149 1423 avellemur

125 1471 286 1554 amplexu.
326 1473 448 1554 Ergone
463 1471 525 1536 erit
540 1471 596 1536 illa
612 1471 691 1552 dies,
716 1471 838 1553 quando
854 1471 944 1536 nobis
960 1471 1055 1538 liceat
1078 1491 1149 1554 spe-

126 1589 257 1656 luncam
273 1585 441 1652 salvatoris
462 1587 601 1652 intrare?
629 1585 662 1665 in
677 1586 817 1668 sepulcro
833 1586 963 1652 Domini
985 1586 1060 1653 flere
1076 1605 1147 1654 oum

129 1722 244 1784 sorore,
263 1703 336 1768 flere
353 1721 424 1768 eum
438 1703 561 1767 matre?
578 1701 678 1768 crucis
691 1701 801 1768 deinde
813 1701 952 1767 lambere
968 1703 1090 1786 lignum
1106 1703 1147 1782 et,

131 1819 165 1882 in
178 1817 298 1886 Oliveti
312 1819 434 1897 monte,
459 1837 530 1884 cnm
553 1817 738 1884 ascendente
753 1817 885 1883 Domino
901 1820 974 1882 voto
991 1818 1024 1882 et
1043 1817 1148 1884 animo

131 1934 308 2000 sublevari?
339 1934 441 2000 videre
467 1933 549 1998 exire
576 1933 730 1998 Lazarum
756 1933 862 2000 fasciis
888 1933 1089 2018 colligatum,
1116 1936 1149 2000 et

128 2051 249 2116 fluenta
272 2049 420 2116 Jordanis
444 2049 483 2114 ad
505 2050 669 2124 lavacrum
691 2048 818 2114 Domini
840 2048 986 2131 puriora?
1012 2049 1083 2114 inde
1108 2049 1150 2114 ad

126 2168 290 2250 pastorum
306 2165 412 2230 caulas
428 2183 565 2248 pergere,
581 2164 615 2228 in
630 2165 735 2230 David
750 2183 838 2230 orare
853 2165 1032 2232 mausoleo?
1048 2166 1148 2230 Amos

126 2282 314 2366 prophetam
328 2280 426 2346 etiam
442 2299 524 2346 nuno
538 2279 669 2347 buccina
683 2280 834 2363 pastorali
849 2281 883 2346 in
902 2299 958 2346 sua
974 2279 1149 2364 conspicere

128 2417 206 2482 mpe
226 2398 445 2482 clangentem?
461 2397 501 2463 ad
511 2395 682 2475 Abraham,
699 2396 788 2462 Isaac
799 2397 832 2464 et
843 2396 950 2478 Jacob,
963 2395 1061 2462 trium
1073 2379 1149 2480 quo-

129 2533 190 2597 que
213 2513 387 2579 illustrium
408 2511 596 2580 feminarum
620 2511 671 2578 rel
693 2513 895 2580 tabernacula
916 2531 1081 2598 properare
1101 2513 1150 2580 vel

130 2629 321 2696 memorias?
345 2629 448 2696 videre
463 2628 591 2708 fontem,
608 2628 642 2692 in
657 2647 717 2712 quo
733 2648 752 2694 a
768 2629 911 2712 Philippo
928 2629 1086 2695 eunuchus
1101 2631 1149 2694 est

129 2745 272 2810 tinctus?
298 2744 471 2810 Samariam
485 2764 623 2828 pergere,
642 2746 674 2810 et
686 2745 819 2811 Joannis
834 2746 1002 2828 Baptistac;
1019 2745 1149 2810 Helisaei

131 2879 252 2945 quoque
263 2861 295 2925 et
303 2859 413 2924 Abdiae
424 2859 540 2942 pariter
548 2859 668 2926 cineres
680 2860 827 2926 adorare?
840 2860 965 2944 ingredi
977 2861 1147 2943 speluncas,

129 2977 164 3042 in
192 2975 305 3058 quibus
331 2975 552 3058 persecutionis
579 2977 611 3040 et
624 2975 729 3040 xfamis
755 2977 896 3059 tempore
926 2976 1149 3058 prophetarum

130 3091 260 3176 agmina
277 3092 349 3156 sunt
363 3090 505 3156 nutrita?
525 3091 644 3156 Ibimus
659 3091 699 3156 ad
714 3091 873 3159 Nazareth
889 3093 931 3172 et,
945 3091 1035 3176 juxta
1049 3089 1148 3154 inter-

130 3207 340 3290 pretationem
371 3205 505 3272 nominis
533 3196 618 3292 ejus,
654 3206 762 3274 florem
792 3206 966 3272 videbimus
994 3205 1146 3283 Galilaeae.
1200 3249 1202 3252 -

130 3322 226 3388 Haud
247 3322 355 3414 procul
377 3323 448 3388 inde
473 3323 617 3386 cernetur
634 3321 731 3403 Cana,
754 3323 797 3388 in.
812 3313 873 3405 qna
888 3339 976 3404 aquae
991 3322 1024 3386 in
1040 3322 1148 3388 vinum

132 3457 232 3504 versae
248 3439 330 3503 sunt.
355 3433 524 3520 Pergamus
540 3437 580 3502 ad
587 3437 764 3522 itabyrium
780 3439 812 3504 et
826 3437 1028 3504 tabernacula
1043 3437 1148 3504 salva-

131 3554 221 3632 toris,
239 3571 311 3632 non‚
328 3555 363 3617 nt
378 3553 492 3618 Petrus
509 3553 664 3634 quondam
680 3554 790 3632 voluit,
808 3572 878 3619 cum
893 3553 1003 3637 Moyse
1020 3552 1148 3632 allilia,
1223 3571 1225 3576 ·

131 3669 188 3736 sed
203 3687 275 3734 cum
290 3669 379 3753 patre
394 3686 553 3735 cernemus
569 3669 601 3734 et
617 3667 730 3752 spiritu
747 3670 865 3736 sancto.
903 3669 979 3734 Inde
1002 3669 1041 3734 ad
1064 3685 1148 3734 mare
