2846 4526
331 656 684 726 11.1ooep011s,mons
701 654 860 722 Gerizim,
878 655 1023 723 Siehem,
1040 656 1170 712 sicher.

220 810 222 815 ’
359 799 486 888 Uiritus
504 811 663 905 Neapolis
1157 815 1202 887 M.
1224 815 1301 888 XV.

359 947 413 1020 Ibi
427 947 480 1019 θεῖ
493 967 586 1018 mons
601 943 759 1019 Gerizim.
793 945 847 1025 Ibi
861 945 977 1018 (linunt
990 945 1304 1022 eumenteniAbru·

203 1127 205 1134 .
286 1083 366 1154 hem
381 1077 580 1185 saorifioiurn
594 1078 766 1168 θῖῖεῖῖεεθ,
783 1082 817 1152 θῖ
832 1079 1022 1153 ascenditur
1035 1101 1141 1173 usquo
1155 1080 1198 1152 ed
1212 1102 1303 1154 sum·

286 1237 378 1287 mum
396 1215 541 1286 montem
559 1211 719 1307 gradibus
737 1233 873 1286 numero
892 1211 978 1286 000.
1024 1213 1108 1316 Inde
1126 1213 1169 1286 ed
1185 1214 1304 1310 pedem

286 1347 407 1420 montis
425 1345 532 1440 ipsius
551 1346 642 1418 loeus
661 1347 725 1436 θεῖ,
746 1344 799 1418 nui
813 1366 931 1420 nornen
944 1347 997 1419 θεῖ
1007 1343 1151 1421 SIohem.
1184 1346 1238 1421 Ibi
1252 1349 1305 1422 θεῖ
1419 1386 1420 1393 ¹

286 1481 553 1570 monumentum,
582 1478 640 1553 ubi
657 1477 786 1573 porinus
805 1481 859 1553 θεῖ
876 1480 1001 1573 Ioseph
1019 1479 1054 1552 in
1072 1479 1173 1573 ville,
1204 1502 1305 1575 quern

287 1612 379 1688 dedit
396 1613 428 1688 ei
447 1615 562 1705 Jeooo,
581 1613 680 1707 peter
698 1615 782 1705 eJ'us.
804 1608 903 1687 'Inde
921 1616 1020 1707 rupte
1039 1617 1092 1688 θεῖ
1109 1614 1208 1706 Dine,
1232 1613 1283 1688 fili

286 1748 408 1838 «loono,
429 1731 455 1820 a
473 1746 555 1820 filiis
573 1745 822 1820 Amorraeorum.
862 1746 944 1819 Inde
963 1769 1083 1840 pessus
1101 1747 1195 1822 mille
1212 1749 1304 1822 looue

182 1973 183 1978 Ἰ
285 1884 350 1972 θεῖ,
370 1880 424 1954 oui
442 1902 560 1954 nomen
580 1878 709 1971 Sinum,
734 1880 820 1954 unde
838 1879 1009 1954 deseendit
1026 1870 1145 1956 mulier
1163 1880 1303 1954 semori-

285 2002 366 2088 tene
385 1996 428 2088 ed
447 2015 587 2088 eundem
605 2015 724 2104 Ioourn,
745 2014 803 2088 ubi
821 2016 926 2088 Jeoob
939 2016 1078 2108 puteum
1091 2013 1186 2104 fodit,
1205 2015 1245 2086 ut
1262 2013 1303 2088 de

286 2171 323 2222 θθ
348 2170 471 2242 uquam
496 2147 671 2241 impleret,
698 2148 733 2220 θῖ
750 2147 911 2220 Dominus
931 2149 1030 2223 Iesus
1049 2144 1202 2222 emistus
1227 2168 1303 2220 oum
1419 2140 1420 2221 ζ

286 2304 326 2356 θθ
350 2283 482 2355 loeutus
508 2283 578 2354 eet:
616 2281 673 2355 ubi
700 2283 780 2354 sunt
809 2283 845 2355 θῖ
869 2283 1002 2356 arbores
1033 2280 1183 2376 plutoni,
1218 2302 1302 2375 ques
1419 2296 1420 2327 ³

284 2413 456 2509 planterio
473 2416 593 2515 Jacob,
616 2415 824 2506 othelmum,
845 2415 903 2508 qui
921 2416 962 2488 de
981 2436 1017 2488 eo
1035 2417 1136 2508 puteo
1155 2417 1249 2490 leret
1291 2472 1299 2490 .

329 2676 393 2732 111.
417 2675 555 2732 Bethar.
620 2762 622 2768 y

354 2815 437 2888 Indo
454 2814 563 2889 millio
577 2788 737 2890 XXVIII
751 2814 906 2889 euntibus
920 2813 1133 2890 Hierusalem
1151 2813 1187 2891 in
1204 2817 1301 2911 perte

284 2947 422 3022 sinistre
443 2949 614 3040 ostrina,
644 2969 720 3042 quae
746 2948 868 3022 dmitur
887 2949 1027 3024 Bethor.
1071 2949 1154 3024 Inde
1180 2972 1300 3046 pessus

283 3083 376 3155 mille
395 3084 448 3156 θεῖ
464 3084 568 3174 Ιθθεε,
588 3082 646 3156 ubi
664 3085 779 3174 Ionon,
800 3105 875 3156 omn
888 3082 955 3157 iret
968 3083 1004 3156 in
1017 3081 1298 3179 Mesopotamiam,

283 3215 455 3308 dormint,
483 3219 520 3291 θῖ
543 3215 598 3327 101
610 3219 662 3291 θεῖ
680 3219 777 3291 orbor
798 3217 995 3312 amygdalo,
1023 3220 1058 3292 θῖ
1076 3217 1161 3292 uidit
1178 3214 1298 3306 risum,

283 3351 318 3423 θῖ
335 3351 477 3444 angelus
496 3371 571 3423 eum
589 3371 626 3424 θο
644 3351 793 3424 luotetus
821 3353 884 3426 θεῖ.
931 3353 986 3425 Ibi
1011 3353 1078 3426 fuit
1102 3373 1162 3426 rex
1180 3349 1299 3425 Hiero-

282 3484 391 3573 beem,
411 3483 454 3556 ud
473 3505 572 3576 quem
589 3481 793 3558 miseuefuio
806 3486 982 3579 prophete,
1002 3487 1042 3558 ut
1055 3485 1300 3562 convertemur
1420 3487 1421 3492 '

283 3614 326 3687 nd
334 3616 442 3690 Deum
456 3619 641 3691 excelsum:
657 3619 692 3691 θῖ
702 3619 834 3710 jussum
842 3617 954 3694 fueret
967 3617 1153 3712 propheten,
1172 3637 1214 3690 ne
1224 3637 1300 3690 oum
